2888 4890
348 563 435 616 Enna.
454 557 548 614 Pania.
584 553 774 628 Δημοσθένους
790 551 867 628 ldyos
883 582 919 598 -
945 555 995 612 dic
1004 557 1173 626 'octonarios
1188 585 1223 596 -
1242 560 1295 614 aod

279 635 440 702 Γουλιέλμου
463 627 651 698 propitios.
698 627 793 679 Lucet.
823 626 898 678 1570.
918 627 967 680 rot.
1013 629 1132 687 'l'extam
1161 643 1292 702 graecum

250 713 390 769 ‚tarnum
418 707 447 752 et
469 697 580 766 Ulpiani
601 697 815 750 commentarios
841 695 961 749 exhibet.
1007 693 1292 766 Moreh'anapuidem

281 772 395 840 saepius
415 767 492 820 audit
518 765 587 818 haec
604 765 703 828 editio;
734 763 783 818 sed
806 766 936 834 quoniam
961 766 1132 832 ltloreliust)
1157 781 1218 822 aaut
1237 783 1293 820 non

281 841 416 903 absolvit,
439 832 587 888 Lambinus
614 837 917 900 autemposteriorem
943 842 1051 902 partem
1077 837 1198 900 curarit,
1227 833 1293 888 hinc

280 913 443 980 plerumque
462 919 480 954 a
499 912 597 958 neutro
617 904 666 955 illa
683 901 853 954 nominatur:
872 903 921 956 sed
942 919 1014 956 nunc
1029 905 1205 966 Parisiensis,
1221 919 1294 956 nunc

281 979 441 1036 Lutatiana,
462 975 572 1043 saepius
591 973 675 1026 etiam
697 968 885 1024 Benenotiana
907 972 1022 1026 dicitura
1049 989 1066 1030 a
1088 975 1130 1026 lo.
1149 975 1293 1027 Benenato

279 1041 459 1116 typographo
478 1041 591 1095 ltlorelii
608 1055 787 1106 successore3
813 1056 897 1114 quare
926 1043 997 1092 scire
1024 1042 1150 1104 interest,
1169 1042 1294 1109 ejusdem

280 1117 411 1170 editionis
431 1110 558 1180 exempla
580 1107 694 1162 diversa
706 1110 843 1162 diversum
863 1109 1051 1178 bibliopolam·
1063 1110 1195 1176 indicare,
1214 1125 1294 1178 prae·

282 1192 326 1238 ter
350 1183 522 1234 Benenatunr
548 1175 680 1232 videlicet
702 1179 757 1230 alia
781 1177 865 1232 ltlich.
897 1178 1044 1244 connium,
1074 1181 1129 1232 alia
1158 1179 1292 1230 lacobum

279 1252 329 1308 ,Da
351 1267 413 1322 apr:
434 1266 468 1302 ne
487 1248 548 1317 quis
567 1248 691 1308 diversas
710 1245 761 1300 has
779 1245 919 1314 editiones
938 1263 1001 1300 esse
1022 1247 1134 1302 credat·
1158 1248 1292 1303 ltlorellus

281 1269 369 1376 muita
385 1319 531 1386 diligentia
548 1318 578 1368 in
598 1315 721 1368 curanda
737 1313 789 1368 hac
800 1317 921 1369 editione
940 1333 1005 1370 usus
1026 1325 1094 1382 erat,
1113 1323 1142 1369 et
1153 1329 1207 1386 ope
1227 1323 1291 1369 octo

281 1390 405 1446 codicum·
425 1385 620 1443 Paririensiom
643 1392 751 1438 textum
774 1387 876 1452 partim
900 1387 991 1453 ipsum
1008 1387 1172 1448 emendavit,
1191 1388 1292 1454 partim

281 1461 374 1514 varias
395 1458 529 1509 lectiones
547 1470 581 1508 ex
599 1453 664 1516 illis,
682 1471 737 1506 non
756 1458 866 1522 semper
886 1461 979 1507 tamen
998 1456 1147 1506 nomina-tis
1166 1455 1293 1522 singulis,

280 1531 310 1582 in
335 1525 461 1595 spargine
481 1524 584 1592 posuit.
623 1523 754 1575 Lambini
779 1531 872 1574 autem
892 1539 977 1591 opera
1002 1538 1083 1593 quarn
1111 1524 1293 1576 tumultuaria

281 1599 367 1652 fuerit
389 1610 408 1646 a
430 1593 544 1646 neisloo
570 1595 599 1644 in
624 1592 796 1658 praelatione
817 1592 877 1657 ejus
901 1594 1002 1643 discas.
1048 1593 1097 1643 llle
1118 1592 1210 1660 itaque
1229 1607 1292 1650 cuni

301 1683 332 1721 er
350 1673 459 1732 tempus
480 1664 573 1730 ipsum
596 1661 787 1728 impressionis
813 1659 956 1712 codicibus
983 1660 1039 1712 illis
1065 1668 1123 1711 tum
1150 1661 1179 1712 in
1202 1676 1293 1714 emen-

280 1684 372 1788 hando
400 1738 479 1784 textu
506 1738 565 1782 tum
590 1729 618 1780 in
646 1726 785 1784 enotanda
806 1728 942 1780 varietata
971 1729 1081 1780 nonnisi
1107 1744 1181 1790 raro,
1205 1730 1292 1782 immo
1324 1743 1327 1761 ¹

281 1818 371 1874 paene
389 1799 491 1852 dixeris
506 1815 571 1859 non,
591 1814 659 1849 usus
680 1802 770 1859 essetr
790 1797 917 1848 absoluto
939 1798 1017 1862 operi
1034 1797 1143 1848 demum
1160 1797 1291 1859 libellum,

281 1889 362 1940 quem
389 1869 537 1924 Verianum
563 1867 726 1918 Lectionum
746 1865 929 1926 ettNotarum
944 1866 1096 1932 inscripsit,
1115 1866 1291 1920 subitaneum

280 1943 352 1995 hunc
379 1953 503 2006 quoque,
531 1934 647 1994 addidit,
675 1937 703 1986 in
726 1950 806 2001 quern
832 1933 991 2001 sphalmata
1010 1949 1157 2000 operarum
1177 1942 1207 1986 et
1226 1949 1287 1997 sua,

280 2013 348 2064 item
376 2012 469 2060 textus
483 2004 717 2064 emendationes,
742 2003 844 2070 partini
867 2003 977 2083 quidem
1005 2004 1181 2070 conjecturas
1203 2007 1289 2055 mani-

279 2081 378 2142 festas,
398 2075 446 2126 sed
470 2074 569 2132 multas
594 2073 678 2124 etiam
696 2073 790 2122 varias
815 2072 949 2136 lectiones
967 2071 1023 2123 sibi
1041 2073 1130 2123 serius
1149 2073 1291 2138 probatas,

281 2145 374 2202 omnia
391 2151 483 2194 tamen
500 2142 621 2193 lontihus
646 2157 700 2196 non
723 2141 853 2192 indicatis
880 2148 909 2192 et
929 2157 963 2191 ne
978 2141 1094 2193 verbulo
1111 2142 1220 2206 quidem
1240 2157 1291 2193 suo

281 2217 386 2274 addito,
402 2211 530 2278 conjecit.
573 2209 667 2272 Quare
692 2209 808 2261 editoris
831 2210 931 2277 ubique
957 2216 1000 2260 est
1013 2207 1137 2278 judicare
1159 2207 1224 2278 quid
1244 2226 1293 2261 eo-

279 2302 341 2341 rum
361 2295 440 2350 quae,
452 2281 491 2331 ihi
509 2281 639 2347 exposita
664 2285 729 2330 sunt
751 2281 813 2332 sive
834 2277 913 2343 hujus
938 2279 997 2329 sive
1013 2280 1091 2330 illius
1110 2285 1227 2331 naturae
1246 2280 1292 2329 sit.

281 2355 436 2409 videantur
451 2349 586 2416 imprimis
602 2353 686 2405 notae
705 2355 817 2406 nostrae
829 2347 873 2406 ‚ad
894 2345 919 2409 §-
938 2345 977 2396 10.
1000 2345 1026 2398 h.
1044 2345 1083 2400 rt.
1101 2363 1126 2404 e.
1278 2359 1281 2362 ·

198 2470 200 2474 .
306 2421 310 2432 '
348 2419 390 2472 Jo.
413 2419 533 2472 'l'nrnon
558 2418 706 2468 Orationes
735 2414 949 2477 Demosthenis,
972 2415 1114 2466 Aeschinis
1135 2420 1187 2469 etc.
1209 2415 1292 2468 edero

279 2487 523 2550 instituerat31ed
543 2484 625 2552 hujus
643 2501 747 2552 operae
764 2482 833 2536 nihil
853 2485 956 2550 prodiit
973 2489 1084 2550 praeter
1104 2487 1138 2537 Τ.
1152 2485 1233 2550 ll.⁴et
1245 2485 1291 2536 tlt.

280 2558 411 2612 Cantabr.
431 2554 504 2606 1748.
528 2555 600 2608 1757.
625 2552 681 2612 ltu.
707 2554 807 2620 quihus
833 2555 907 2606 inest
927 2567 992 2620 pars
1013 2555 1167 2609 orationum
1190 2553 1292 2606 Demo.-

280 2628 456 2682 stheaearum
479 2640 520 2692 gr.
540 2631 569 2675 et
581 2625 629 2676 lat.
648 2639 710 2674 cunr
730 2623 910 2674 annotatione
931 2621 1057 2688 editoris,
1076 2622 1175 2690 quibus
1196 2633 1292 2671 acces·

280 2702 377 2750 serunt
396 2689 477 2746 notae
496 2693 581 2744 etiam
601 2693 656 2744 ler.
678 2689 838 2753 Marklandi
854 2690 956 2741 et‘lac.
975 2689 1077 2742 Jorini.

349 2763 372 2815 J.
397 2761 422 2814 J.
448 2763 558 2815 linrsna
586 2759 676 2814 edidit
707 2761 839 2812 Oratores
864 2773 982 2826 graecos
1008 2759 1068 2810 Xll.
1096 2755 1291 2810 Voluminibus

281 2834 358 2901 Lips.
382 2831 523 2898 1770sqq.
546 2829 608 2881 Svo.
626 2845 740 2898 quorum
762 2829 781 2878 l.
803 2829 833 2880 ll.
860 2834 965 2884 textum
986 2824 1193 2886 Demosthenis,
1212 2825 1291 2876 ΙΧ-

281 2903 331 2954 Xl.
351 2906 513 2969 apparatum
534 2899 660 2950 criticum
685 2905 715 2950 et
734 2894 916 2964 exegetioum,
943 2895 1002 2947 Xll.
1021 2893 1127 2950 lodices
1146 2893 1291 2945 Graecitm

282 2973 318 3028 tis
337 2977 391 3029 etc,
418 2965 550 3020 continet.
597 2971 750 3036 Apparatus
777 2974 871 3020 autem
892 2964 1098 3016 annotationem
1123 2978 1234 3030 quoque
1254 2963 1289 3012 ll.

282 3039 384 3099 Wollii,
405 3035 532 3105 'l'aylori,
550 3036 709 3088 Marklandi
727 3041 755 3087 et
773 3033 861 3084 Jurini
881 3031 1075 3099 complectitor
1092 3046 1211 3087 omnem.

351 3108 393 3160 De
419 3106 453 3156 G.
479 3107 510 3170 l,-
541 3105 700 3160 Seruatum
726 3103 846 3156 editione
872 3101 1008 3152 orationis
1035 3099 1063 3151 io
1095 3100 1210 3151 Midiam
1235 3096 1291 3153 vid.

281 3175 473 3230 Praelationes
488 3167 604 3226 ‘nostras
622 3175 775 3240 utriusque.
795 3197 830 3210 -
852 3169 896 3221 Jo.
923 3171 986 3222 Ser.
1006 3167 1105 3222 Vntmn
1125 3167 1209 3221 edidit
1229 3169 1291 3219 Dis-

282 3246 476 3298 sertationenr:
512 3239 771 3294 Animadversiones
800 3241 828 3291 in
852 3239 928 3292 locos
953 3239 1084 3306 quosdam
1112 3253 1146 3290 ex
1165 3239 1292 3289 Midiana

281 3311 479 3367 Demosthenis
495 3318 547 3364 etc.
586 3309 669 3362 lenae
691 3307 766 3362 1796.
782 3308 844 3362 tivo.
885 3313 954 3374 Aug.
978 3307 1123 3357 Boscrran
1142 3307 1291 3359 Conrnrent.

283 3383 316 3442 de
336 3381 517 3449 chronologia
535 3381 612 3431 Orat.
627 3377 696 3434 Mid.
715 3379 821 3430 inserta
838 3381 882 3428 est
895 3379 1092 3428 commentatt.
1105 3377 1187 3426 rtcad.
1200 3375 1292 3431 Berol.

281 3455 346 3506 anni
368 3449 442 3502 1818.
468 3475 501 3486 -
522 3445 699 3502 Godot'redus
720 3449 913 3508 Bsartunnur,
939 3442 1106 3512 Juvenishis
1131 3445 1231 3501 litteris
1250 3449 1291 3496 to-

282 3527 326 3572 tus
347 3519 465 3579 deditus,
485 3518 586 3586 quique
604 3532 707 3586 operae
732 3517 768 3568 iis
790 3521 909 3566 navatae
928 3514 1073 3582 egregium
1095 3530 1183 3582 nuper
1202 3513 1292 3581 specis

281 3605 344 3645 men
369 3587 456 3650 edidit
483 3587 721 3653 (Eratosthenica.
739 3585 832 3636 Berol·
855 3582 930 3635 1822.
949 3581 1038 3650 θνα),
1066 3582 1128 3634 dum
1151 3582 1223 3634 hunc
1243 3598 1293 3634 no-

281 3666 366 3712 strum
383 3653 507 3710 libellum
530 3669 616 3723 paene
644 3654 801 3706 absolutum
821 3652 929 3718 relegit,
953 3651 1207 3705 animadversiones
1225 3666 1292 3710 aon·
1312 3700 1317 3708 ,

256 3745 259 3757 ’
281 3728 371 3784 nullas
391 3741 498 3780 naccum
522 3724 745 3785 communicavit,
764 3738 832 3791 quos
850 3721 989 3774 addendis
1006 3720 1120 3774 inserui.

685 3825 886 3838 --—-·-.-..--

349 3881 479 3940 Uariam,
498 3876 617 3946 hominis
635 3882 783 3945 praeterea
803 3891 918 3942 prorsus
936 3875 1036 3942 ignoti,
1064 3871 1216 3926 scholiain
1238 3873 1293 3924 De·
1354 3935 1356 3940 Ι

280 3949 435 4002 mosthenis
453 3949 594 3999 orationes
611 3961 666 3997 non
687 3947 798 3997 omnino
818 3944 927 3996 inutilia
944 3943 1052 4010 plenius
1069 3942 1196 4010 quanrin
1215 3947 1293 3994 cete-

280 4020 320 4073 ris
338 4017 505 4071 editionibus
527 4022 556 4068 et
575 4013 748 4073 commodius
773 4013 904 4082 leguntur
922 4014 951 4064 io
972 4013 1023 4065 lid.
1045 4011 1205 4087 Parisiensi.

349 4142 372 4207 ⁸)
400 4141 483 4195 Gm'll.
505 4141 611 4200 March·
640 4163 704 4210 qoem
733 4161 784 4203 cova
818 4123 939 4192 confundas
971 4162 1020 4192 cum
1045 4145 1148 4192 Federico
1174 4134 1293 4196 Morello

279 4217 495 4338 fflhffihggffiu)
520 4219 625 4266 industrio
649 4226 671 4264 et
694 4218 740 4278 ipsc
761 4217 823 4264 illius
841 4217 945 4277 temporis
966 4216 1048 4267 editore
1075 4215 1210 4268 Gtaeeorum
1226 4216 1293 4264 libra-

622 4377 941 4402 «m-
