2860 4890
500 297 503 304 ’
540 309 547 338 ι

677 349 878 364 —ffl

231 489 235 504 ,
273 509 354 553 ,aeus
374 497 418 548 est
437 493 465 546 ln
486 488 620 558 exemplis
635 485 823 556 ,Herodotels
856 485 927 540 Nam
951 487 980 539 in
998 487 1050 540 illo
1067 501 1092 540 e.
1111 503 1137 554 g.
1155 485 1181 548 5,
1198 484 1240 538 73,
1267 488 1291 539 ,η

273 566 326 637 μὲν
346 561 460 616 διδοῦσι
480 578 505 615 κ.
519 579 543 614 τ.
564 576 586 610 ε.
613 559 704 626 prima
730 555 885 624 propositio
910 571 962 624 per
985 572 1015 608 se
1037 555 1098 608 sola
1117 558 1209 624 posita
1227 569 1289 623 pro·

274 635 340 688 ferri
358 647 412 692 non
430 627 614 697 poterat-ita:
1217 640 1220 648 .

333 731 336 745 ι
426 694 450 750 εἰ
466 696 531 769 μὲν
551 693 666 746 διδοῦσι
685 692 787 764 Δαρείῳ
799 690 865 762 ’γῆν
883 707 910 743 τε
931 690 977 746 καὶ
992 689 1107 765 ὅδωρ,ὁ
1128 690 1160 743 δὲ
1174 685 1290 762 ’συμμα-

475 765 611 835 χίανσηι
629 763 804 816 συνετίθετο.
833 795 838 805 -
998 777 1002 786 ·

276 839 353 894 nulla
372 838 446 889 enim
466 833 592 892 omnino,
617 837 649 882 ut
667 837 743 881 recte
766 825 935 880 observabat
958 827 1074 890 Werier,
1102 829 1130 880 in
1159 827 1214 880 hoc
1232 844 1291 880 ser-

277 923 359 962 mone
388 914 432 958 est
458 900 617 970 oppositio,
646 898 695 950 sed
720 897 813 966 potius
832 897 967 948 naturalis
987 897 1197 962 consequentia,
1217 912 1292 966 quae

278 989 417 1044 uunquam
437 987 486 1040 per
501 969 555 1039 μέν
567 975 596 1020 et
609 966 648 1029 δι’,
669 967 719 1018 sed
735 981 785 1036 per
802 961 842 1026 δέ,
860 965 948 1017 solum
966 973 1045 1018 recte
1065 964 1186 1018 effertur.
1210 967 1293 1018 llaec

281 1051 372 1098 autem
399 1039 535 1109 particula
556 1035 628 1105 apud
653 1033 734 1088 lones
762 1029 871 1102 quidem
896 1033 924 1084 in
950 1049 1029 1086 mera
1047 1049 1155 1102 qnoque
1173 1033 1293 1101 epodosi

280 1116 371 1167 locum
389 1109 489 1160 habet:
507 1107 549 1160 ita
564 1113 595 1156 ut
607 1105 767 1173 propositio
778 1102 828 1153 illa
841 1117 890 1170 per
905 1118 936 1153 se
955 1103 1015 1154 sola
1034 1103 1062 1154 in
1083 1103 1141 1156 alio
1160 1109 1293 1170 contextu

282 1187 358 1234 recte
376 1175 513 1230 enuntiari
532 1173 656 1241 potuerit
674 1171 729 1224 hoc
748 1171 845 1228 modo:
1064 1233 1066 1238 .
1169 1183 1184 1234 g

433 1245 458 1297 εἰ
471 1229 521 1296 οὖν
538 1239 653 1294 διδοῦσι
672 1242 773 1311 Δαρείῳ
793 1237 897 1309 phelet
916 1235 961 1288 seul
983 1235 1073 1307 ὕδωρ,
1096 1235 1111 1288 ri
1131 1235 1164 1291 δι’
1182 1255 1295 1309 σνμμα-

483 1313 549 1380 μίαν
566 1327 618 1377 urps
639 1310 800 1362 συνετίθετο.
888 1303 892 1316 ‘

439 1413 692 1566 excursus
707 1443 956 1562 unum-ss
977 1461 1149 1558 οι-οοηζ

353 1642 455 1709 [Quum
471 1641 517 1694 hic
538 1639 793 1710 principalissimus
810 1639 857 1698 sit,
875 1651 928 1706 quo
948 1637 982 1690 de
1004 1635 1118 1690 arbitris
1137 1635 1300 1696 doceamur,

286 1713 378 1766 acrius
399 1711 587 1779 inspiciamus,
603 1717 635 1761 ut
657 1725 705 1777 pro
733 1709 806 1760 virili
830 1715 906 1774 parte
927 1704 1103 1760 conferamus
1126 1704 1162 1756 ad
1182 1719 1299 1756 accura-

204 1815 207 1826 ι
288 1790 344 1844 tarn
361 1780 443 1846 hujus
461 1781 606 1832 atticarum
627 1773 819 1844 antiquitatum
839 1775 926 1842 partis
944 1775 1137 1842 cognitionem.
1171 1773 1300 1824 innecta-

230 1874 235 1904 r
287 1867 348 1902 mus
373 1855 466 1900 autem
488 1849 516 1904 in
542 1847 757 1914 disputationem
782 1846 866 1896 ctiam
890 1857 934 1895 res
951 1842 1005 1894 huc
1021 1843 1199 1910 pertinentes,
1225 1855 1299 1908 qnae

289 1923 365 1973 recte
388 1918 443 1983 iam
468 1915 674 1981 intelliguntur,
698 1920 730 1966 ut
755 1929 810 1966 uno
829 1912 893 1964 loco
911 1912 1012 1968 collata
1032 1910 1192 1972 habeamus,
1221 1923 1298 1976 quae

289 1988 458 2058 inserviant,
481 1983 606 2036 uthunc
628 1983 761 2037 orationis
783 1981 930 2036 articulum
954 1980 1152 2050 perspiciamus
1177 1975 1298 2046 ejusque

289 2056 345 2107 rim
365 2068 429 2106 vere
457 2053 648 2122 percipiamus.

362 2121 460 2174 Verbis
479 2128 571 2174 autem
597 2119 676 2184 δίκην
701 2119 734 2172 δὲ
755 2113 841 2189 τούτῳ
859 2115 949 2186 λαβήν
965 2115 1060 2186 ὕςιρον
1077 2115 1122 2180 τῆς
1134 2118 1299 2186 κακηγορίας

291 2179 373 2252 εἷλον,
395 2185 506 2262 ἐρήμην,
535 2184 576 2242 οὐΔ
589 2188 643 2272 γδρ
663 2184 779 2250 ἀπήντα·
814 2187 904 2256 λαβών
922 2183 953 2237 δ’
974 2181 1139 2256 ὑπερήμερον
1156 2185 1202 2236 καὶ
1220 2186 1299 2254 ἔχων,

292 2249 404 2312 οὐδενὸς
425 2253 535 2338 ἡψάμην
552 2275 659 2312 nuncet
676 2257 731 2308 τῶν
756 2250 873 2320 τούτου,Ι
889 2245 965 2306 dttd·
982 2252 1073 2324 λαγών
1090 2246 1196 2318 ἐξούλης
1213 2248 1300 2304 πάλιν

232 2329 233 2340 ’
294 2319 404 2379 οὐδέπω
419 2325 465 2390 καὶ
488 2343 605 2396 τημερον,
624 2319 755 2378 εἰσελθεῖν
782 2319 950 2393 δεδύνημαι·
991 2317 1121 2378 τοσαύτας
1137 2317 1231 2390 saproc
1250 2319 1299 2372 sul

293 2389 492 2460 superseminet
513 2393 643 2464 εὑρίσκων
661 2386 785 2464 ἐκκρούει,
805 2392 848 2446 his
872 2393 960 2460 igitur
981 2393 1074 2444 verbis
1093 2392 1174 2459 quasi
1201 2388 1298 2442 atium·

292 2465 357 2515 brat
387 2462 481 2530 paucis
511 2467 599 2514 totam
623 2463 701 2514 litem
727 2459 935 2523 Demosthenes,
961 2461 1003 2512 ita
1027 2466 1058 2512 ut
1082 2459 1214 2512 nonnulla
1240 2457 1295 2510 col·

293 2531 379 2602 ligere
402 2531 539 2599 possimus
567 2530 600 2582 lle
624 2535 698 2588 statu
726 2545 779 2598 quo
804 2534 981 2591 versarentur
1003 2534 1033 2581 et
1054 2530 1115 2596 ipse
1141 2531 1170 2579 et
1194 2527 1298 2578 Midias

293 2616 328 2652 eo
345 2605 479 2666 tempore,
506 2615 557 2666 quo
583 2598 653 2652 haec
680 2600 770 2650 oratio
791 2597 956 2660 habebatur,
981 2597 1067 2649 variis
1085 2603 1119 2648 et
1136 2595 1247 2647 auxiliis
1267 2600 1300 2650 et

294 2669 401 2720 artibus
430 2667 570 2722 adhibitis
620 2667 738 2719 Primum
770 2676 864 2718 autem
890 2681 974 2734 quum
1002 2665 1031 2718 in
1065 2664 1300 2732 praecedentibus

213 2770 216 2782 ι
293 2737 448 2788 narraverit
473 2736 586 2798 Orator,
610 2735 711 2803 ¹quibus
734 2734 909 2788 contumeliis
937 2736 998 2801 ipsa
1018 2733 1182 2802 familiaque
1208 2747 1259 2783 sua
1281 2746 1301 2782 a

292 2805 382 2862 Midia
404 2802 498 2856 affecti
519 2805 584 2866 sint,
614 2803 658 2856 his
684 2803 777 2856 verbis
805 2804 941 2856 dicentem
973 2802 1109 2862 audimus,
1136 2803 1171 2854 ob
1187 2815 1299 2854 ‚omnes

293 2873 346 2925 has
366 2873 548 2936 contumelias
571 2887 684 2924 causam
704 2889 755 2924 κακ
789 2873 864 2944 ,ptos
888 2887 919 2924 se
945 2871 1058 2924 fecisse.
1099 2869 1184 2922 Vetat
1199 2869 1300 2920 verbo-

291 2956 354 3010 pum
382 2941 471 3003 ratio,
492 2941 625 3009 ,quanvis
653 2941 756 2992 nemos
791 2940 848 2992 enis
877 2940 1020 3010 lenitatem
1038 2939 1186 2999 miremur,
1211 2943 1243 2990 ut
1262 2937 1300 2990 de

294 3007 419 3078 pluribus
447 3009 538 3060 causis
564 3010 727 3074 cogitemus.
770 3009 864 3076 Neque
887 3023 971 3069 vero,
990 3007 1080 3076 pergit
1104 3007 1214 3067 Orator,
1244 3005 1300 3058 itli-

294 3074 354 3130 dias
381 3077 426 3128 die
460 3077 534 3128 dicta
566 3069 659 3138 affuit,
697 3080 784 3146 'neque
811 3078 840 3128 in
869 3077 1070 3146 contumaciam
1100 3077 1300 3129 condemnatus

295 3143 362 3196 data
386 3143 502 3210 diabol)
520 3144 679 3210 drachmas,
705 3161 760 3214 qua
779 3145 882 3198 mulcta
903 3146 927 3198 is
952 3143 1113 3214 qur-dican
1139 3143 1302 3212 κακηγορίας

294 3213 438 3281 perdebat,
464 3213 651 3266 mulctabatur
673 3214 783 3274 (Meicr.
803 3221 833 3265 et
848 3213 974 3268 Schocm.
998 3210 1032 3265 de
1051 3212 1100 3264 lite
1119 3216 1165 3266 ntt
1192 3227 1226 3279 pr
1238 3207 1300 3264 snt.

294 3281 384 3350 sqq),
405 3281 587 3335 Denrostheni
610 3282 708 3343 solvit,
735 3292 793 3350 qna*
819 3297 850 3334 re
874 3273 1031 3353 δπιρημέριμ
1052 3280 1152 3343 iacto,
1174 3279 1299 3350 quamvis

189 3359 191 3368 ¹
292 3356 397 3417 posset,
421 3347 490 3414 nihil
512 3356 604 3404 tamen
630 3351 798 3419 pigneratus
816 3356 860 3404 est
884 3350 1102 3415 Demosthenes,
1129 3348 1177 3402 scd
1196 3345 1301 3411 ἐξούλης

294 3431 357 3469 eum
375 3419 524 3472 accusavit.
567 3419 655 3481 Quam
684 3419 762 3470 litem
792 3419 816 3470 si
844 3417 981 3485 perdebat
1009 3417 1126 3479 Midias,
1158 3433 1212 3472 non
1240 3433 1300 3470 am·

292 3485 365 3554 plius
389 3480 440 3538 500
458 3485 604 3543 drachmae
629 3485 763 3551 debebat,
790 3487 839 3540 sed
870 3485 950 3551 1000,
992 3500 1088 3538 uarum
1117 3486 1168 3547 500
1187 3486 1299 3538 aerario

292 3551 403 3620 publice
430 3554 579 3608 solvendae
594 3553 691 3630 ⁴er'ant.
710 3569 713 3578 ‘
734 3554 920 3618 Quamobrem
948 3501 1037 3617 inira,
1058 3537 1076 3617 h
1097 3553 1172 3618 disq,
1196 3555 1299 3622 inquit,

289 3619 389 3702 χιμίοηη
411 3606 443 3686 ἦν
457 3623 610 3744 δραχμῶν.
650 3624 714 3676 Ηοο
739 3625 822 3676 modo
850 3624 1016 3690 simpliciter
1042 3628 1126 3688 atque
1150 3627 1183 3672 ut
1199 3623 1301 3690 opinus

292 3705 461 3754 nascerere
486 3708 540 3758 exp
551 3693 656 3752 isarnus
685 3689 739 3744 hoc
759 3693 878 3754 dictum,
912 3692 1025 3759 de‘quo
1055 3691 1149 3762 multis
1172 3691 1300 3757 disputa·

292 3764 390 3810 uerunt
414 3757 474 3812 Viri
493 3759 576 3814 docti.
616 3760 822 3822 Voluntenim,
845 3760 879 3812 de
904 3757 1018 3826 duplice
1037 3774 1121 3812 causa
1141 3758 1302 3827 κακηγορίας

292 3834 334 3887 ιιι,
352 3825 397 3896 hic
431 3829 588 3896 cogitetur,
615 3829 742 3897 quamvis
771 3827 934 3892 viderimus,
972 3828 1106 3880 orationis
1139 3832 1299 3880 contextum

294 3899 391 3949 contra
417 3891 488 3948 hanc
515 3897 701 3964 suspicionem
731 3912 801 3950 esse.
847 3893 1037 3959 confirmatur
1060 3910 1127 3948 vero
1159 3895 1301 3951 sententia

292 3969 388 4014 nostra
412 3964 506 4016 verbis
540 3981 611 4035 quae
641 3965 732 4016 locum
768 3964 849 4016 modo
884 3965 1053 4032 exscriptum
1082 3963 1240 4031 excipiunt,
1269 3963 1300 4013 ln

292 4030 391 4098 quibus
415 4047 524 4085 annexa
546 4040 609 4086 suut
630 4034 727 4086 verbis
752 4025 831 4084 Heius
855 4047 902 4100 γε·
933 4025 1001 4084 ἀλλὰ
1022 4028 1118 4086 δάκνει
1140 4031 1186 4082 καὶ
1211 4029 1300 4091 τοῦτο,

291 4097 358 4168 φαίη
373 4117 414 4160 τις
434 4099 475 4163 ἂν,
495 4101 560 4154 ὅταν
578 4101 691 4156 ἐκτίνειν
714 4095 818 4156 &disus
834 4100 867 4152 δι’
902 4099 984 4154 haec:
1012 4102 1107 4169 συνέβη
1126 4100 1160 4152 δὲ
1176 4099 1301 4170 inspu-

290 4160 338 4233 με’,
362 4185 382 4236 qr
399 4169 536 4239 γενομένῳ
553 4169 649 4222 λαθεῖν
666 4159 739 4238 αὐτῷ
757 4184 790 4222 ao
809 4118 901 4233 modis,
911 4176 942 4220 ut
957 4175 1105 4238 appareat,
1119 4169 1211 4222 verbis
1228 4161 1301 4221 «illei

273 4184 399 4301 -χιλήον,
414 4241 539 4314 etctnon
563 4237 666 4306 respici
692 4239 728 4292 ad
749 4237 778 4290 id
808 4241 932 4307 tempus,
956 4253 1010 4308 quo
1040 4238 1160 4306 primum
1185 4251 1299 4292 oausam
