2860 4890
547 357 748 370 ——n———a-—nn

137 564 273 632 neglecta
313 563 472 616 obedientia
506 577 588 631 quarn
621 567 777 618 sententiae
806 566 880 620 latae
916 563 1036 622 debebat
1066 579 1152 624 causa

134 626 254 695 ἐξούλης,
268 631 345 684 tanta
372 639 428 695 est,
457 631 499 682 ita
524 637 556 682 ut
581 629 596 696 ἦ
624 631 686 695 δίκη
703 635 785 686 lieret
798 636 896 702 γιλίων
913 635 1056 708 δραγμοίν,
1094 637 1151 691 Sed

136 701 287 753 redeamus
309 701 344 752 ad
371 701 478 752 initium
503 696 585 766 liujus
610 699 665 752 loci
688 701 953 757 undedeilcximus.
987 706 1089 759 Midias
1107 723 1149 759 ar·

66 823 70 844 ¹
101 801 102 809 ο
136 771 213 822 tibus
234 770 445 840 praeteritisque
463 766 597 835 judicium
616 774 734 836 propter
756 785 868 824 causam
883 769 988 837 ἐξούλης
1003 775 1151 834 instituen-

101 851 104 858 ’
136 838 205 890 dum
222 835 337 890 differre
361 839 451 898 scivit,
481 837 521 888 ita
541 841 573 888 ut
600 851 687 906 usque
714 839 750 890 ad
776 839 856 906 illum·
874 841 958 904 diem,
976 857 1028 909 quo
1046 843 1148 906 Demo·

136 906 255 968 sthenes
282 906 353 958 hanc
386 907 540 958 orationem
566 904 675 968 habult,
707 907 846 960 sententia
871 909 935 961 terri
961 927 1015 961 non
1040 921 1145 976 posset.

28 1017 33 1029 ,
135 973 199 1026 ism
227 975 356 1027 ridemus
385 971 455 1028 illud
484 975 604 1040 primum
630 975 765 1042 iudicium
794 981 938 1044 postremo
967 978 1012 1030 dia
1040 981 1149 1044 pariter

137 1051 224 1112 atque
251 1044 342 1109 primo
362 1050 454 1095 ratum
480 1057 551 1105 esse,
581 1045 660 1112 qnasi
681 1042 748 1094 nihil
770 1046 844 1096 intra
860 1045 914 1096 hoc
931 1047 1066 1112 temporis
1082 1063 1147 1115 spa·
1182 1055 1186 1072 ⁸

135 1115 208 1164 tium
242 1111 401 1164 accidisset
420 1117 533 1180 praeter
563 1110 819 1164 condemnationem
847 1115 949 1166 Midiae
978 1119 1006 1166 et
1033 1129 1145 1168 causam

134 1177 244 1243 ἐξούλης
272 1180 437 1233 institutam·
483 1177 593 1243 Deinde
622 1179 658 1232 ad
680 1181 791 1248 singula
819 1181 1017 1248 pertractanda
1046 1186 1146 1238 transit
1200 1225 1206 1235 .

136 1249 245 1301 Orator
270 1257 299 1302 et
323 1256 471 1316 postquam
501 1247 659 1300 Stratonem
691 1250 880 1302 arbitramini
906 1251 959 1303 han
984 1251 1034 1304 lite
1058 1251 1170 1305 luisse·

136 1319 221 1381 dixit,
240 1316 266 1381 ε.
287 1318 328 1369 οι.
348 1317 374 1369 ο.
392 1315 461 1370 naec
478 1317 565 1369 vernn
581 1317 666 1368 facin
687 1309 735 1368 οὐκ
752 1311 843 1387 ὄρεσι
860 1311 924 1371 σοι
943 1309 1063 1382 assatas:
1078 1317 1158 1373 οαο

136 1386 184 1438 καί
205 1383 280 1438 πάνυ
306 1379 425 1459 αἰσχρῶς
448 1379 614 1438 ἀπολώλεκεν
639 1385 770 1450 (illinisti
794 1385 843 1438 τόν
867 1387 1038 1460 ταλαίπωρον
1060 1387 1145 1452 (arbi-

136 1454 240 1520 trum),
262 1455 361 1522 qulbus
383 1454 477 1506 verbis
490 1453 600 1505 liberat
623 1454 783 1508 Stratonem
801 1459 925 1524 peccatis
944 1456 1078 1519 omnibus,
1092 1457 1145 1510 itli-

137 1523 213 1576 diam
239 1539 305 1574 vero
334 1523 512 1586 criminatur,
536 1537 591 1573 non
613 1523 676 1589 jure
693 1523 795 1584 tinum,
820 1523 871 1576 tctl
888 1524 994 1576 artibus
1011 1527 1145 1592 nequissi-

136 1595 191 1644 mis
217 1607 301 1643 usum
322 1607 393 1653 esse,
426 1599 458 1642 ut
487 1592 669 1643 ulcisceretur
696 1593 854 1644 Stratonem
866 1606 874 1656 3
903 1607 964 1644 nam
986 1592 1144 1646 Stratonem

136 1661 234 1712 omnia
260 1659 377 1723 iecisse,
407 1674 478 1727 quae
505 1659 639 1712 arbitrum
667 1659 760 1713 fatere
781 1667 939 1742 oporteret,
964 1663 1143 1730 sequentibus

136 1730 332 1783 demonstrata
361 1712 440 1782 οὗτος
467 1725 581 1784 διαιτῶν
604 1725 669 1798 ἡμῖν
696 1727 712 1780 ὅ
733 1735 869 1799 Στρατων,
888 1729 980 1792 ἐπειδὴ
995 1723 1062 1780 ποθ’
1080 1729 1144 1793 ἧκεν

136 1797 257 1869 ηκνρία,
278 1793 368 1849 πάντα
388 1795 407 1846 δ
412 1789 419 1810 '
443 1793 493 1858 ἤδη
511 1789 693 1864 διεξεληλύθει
711 1798 796 1864 aurire
815 1789 866 1849 τοία
881 1792 1053 1868 τοίννόμων,
1071 1797 1144 1850 ὑπω-

135 1867 236 1937 μοσίαι
254 1865 299 1917 καὶ
322 1860 503 1935 παραγραφαί
524 1863 570 1915 καί
586 1857 672 1916 οὐδὲν
688 1858 727 1916 ἔτ’
749 1865 783 1930 ἦν
798 1859 945 1920 ὑπόλοιπον
964 1871 993 1916 et
1013 1881 1082 1934 quae
1099 1883 1143 1919 se·
1191 1887 1196 1896 ·

136 1941 277 2004 quuutur.⁴
298 1927 459 2002 ’Υπωμοσία
483 1943 527 1985 est
550 1933 575 1984 si
594 1949 659 1985 reus
679 1931 755 1994 licit,
771 1951 802 1986 se
820 1936 865 1988 die
881 1930 1142 1988 sententiae'feren·

137 2007 190 2057 dae
215 2003 300 2055 dicta
317 2002 415 2054 adesse
434 2016 501 2052 non.
516 2015 601 2068 posse
630 2001 714 2070 idque
742 2001 921 2070 jurejurando
951 2003 1080 2066 allirnrat,
1112 2011 1144 2058 ut

137 2074 211 2125 haec
241 2072 301 2123 dies
329 2069 481 2122 differatur.
533 2069 615 2131 erod
645 2086 680 2122 no
707 2072 771 2132 liat,
800 2080 896 2124 contra
920 2069 1015 2140 jurare
1047 2077 1143 2138 potest

93 2141 94 2144 ’
138 2147 298 2205 accusator,
321 2138 394 2190 falsa
417 2153 479 2193 esse
496 2144 652 2204 praetexta,
679 2154 732 2206 quo
753 2139 829 2192 lacto
848 2139 1002 2192 dlesdicta
1017 2155 1071 2192 non
1091 2141 1142 2192 din
1202 2169 1207 2184 ·

137 2211 237 2264 fertur.
276 2207 446 2278 Παραγραηὴ
471 2211 521 2269 est,
549 2207 578 2258 si·
599 2223 663 2260 reus
688 2206 770 2270 dicit,
800 2208 912 2264 obstare
930 2205 1050 2276 aliquid,
1076 2223 1145 2278 quo·

138 2281 232 2332 minus
250 2277 301 2329 lite
326 2277 373 2344 agi
398 2275 502 2343 possit3
535 2291 560 2328 e·
579 2291 607 2344 g.
627 2275 719 2336 dicere
740 2281 922 2342 potestreus,
937 2274 996 2342 jam
1013 2276 1088 2346 prius
1105 2277 1143 2327 la·

100 2411 106 2414 ,
138 2355 196 2400 tarn
217 2361 282 2398 esse
307 2344 472 2408 sententiam
500 2344 534 2396 dc
556 2342 724 2406 eademne,
747 2351 795 2398 aut
819 2346 1011 2412 magistratum
1038 2347 1090 2398 hae
1114 2346 1141 2397 id

138 2431 168 2468 re
189 2420 360 2483 potestatem
386 2429 442 2464 non
466 2411 579 2468 habere.
625 2413 686 2475 Quo
714 2412 792 2464 facto
816 2413 851 2466 lis
874 2413 1031 2494 principalis
1051 2412 1143 2464 differ·
1223 2445 1228 2465 t

78 2533 81 2546 ,
138 2492 195 2544 tur,
224 2483 313 2536 donce
340 2483 378 2534 de·
406 2480 459 2533 hac
486 2481 648 2549 exceptione
675 2482 817 2539 decretum
845 2489 895 2535 est.
939 2481 1007 2534 Vide
1036 2479 1070 2532 de
1098 2480 1142 2534 his
1206 2525 1209 2536 ,

138 2554 223 2606 rebus
240 2551 340 2604 Meier.
357 2555 393 2602 'et
419 2549 547 2604 Schoem.
567 2550 585 2602 l.
604 2549 624 2600 l.
649 2567 675 2619 p.
694 2549 813 2619 693sqq.
833 2557 862 2603 et
880 2547 930 2601 tal
945 2564 1003 2630 sqq.
1043 2548 1143 2602 Plurali

138 2622 226 2690 igitur
250 2633 364 2671 numero
379 2615 551 2689 «inoperire
576 2624 604 2670 et
634 2617 812 2687 παραγραφαί
840 2617 1011 2682 usus,·dic1t
1038 2627 1142 2680 noster,

138 2696 289 2757 postquam
313 2686 458 2757 ὑπωμοσίᾳ
484 2687 660 2754 opposuisset
685 2679 901 2755 ἀνθαπωμοσίαν
917 2691 946 2738 et
962 2687 1144 2766 παραγραφὴν

136 2759 335 2828 redarguisset,
358 2753 428 2808 nihil
453 2755 570 2822 amplius
596 2755 747 2818 obstitisse,
767 2756 911 2822 quominus
928 2755 973 2808 die
991 2753 1065 2804 dicta
1081 2769 1141 2807 sen·

139 2827 230 2882 tenna
251 2825 377 2878 serretur.
422 2825 549 2876 Ceterum
574 2839 627 2874 non
651 2823 747 2886 video,
773 2839 821 2876 cur
844 2821 890 2875 hic
913 2828 942 2876 ct
966 2821 1032 2876 alibi
1056 2839 1142 2895 παρα-

138 2892 232 2964 γραφη
261 2893 317 2944 alia
344 2890 479 2960 quaedam
509 2893 586 2943 actio
611 2885 791 2960 intelligatur,
820 2899 890 2960 qu‘ae
917 2891 1016 2944 similis
1045 2891 1083 2942 sit
1109 2891 1143 2959 τῇ

138 2960 297 3034 ὑπωμοσίᾳ,
324 2959 395 3029 quod
422 2961 573 3028 opinantur
595 2959 686 3012 Melet
710 2967 738 3012 et
764 2959 891 3012 Schoenr.
919 2975 946 3028 p.
966 2957 1029 3010 697.
1060 2959 1143 3024 Ppte-

59 3035 62 3046 ‘
139 3034 184 3082 rat
204 3037 298 3083 autent
320 3045 384 3100 reus
412 3021 545 3081 dilatione
563 3029 704 3096 postulata
726 3027 922 3081 condemnatus
941 3025 989 3092 τὴν
1005 3025 1045 3097 μη
1059 3025 1144 3080 οὖσαν

141 3100 201 3162 sire
218 3094 316 3168 ἐρήμην
332 3091 544 3166 ἀντιλαγχάνειν,
565 3111 620 3166 qua
642 3099 691 3149 lits
708 3097 834 3148 instituta
854 3096 881 3149 ei
900 3097 1141 3150 demonstrandum

142 3174 213 3230 crat,
239 3182 322 3234 prave
348 3167 457 3233 jurasse
479 3165 622 3233 falsosque
646 3163 808 3216 exhibuisse
829 3171 916 3218 testes
941 3170 1141 3232 accusatorem.

142 3235 192 3289 Sin
217 3242 310 3288 autern
333 3233 404 3286 hanc
429 3233 506 3298 litem
533 3233 681 3302 perdebat,
705 3242 795 3286 ratum
819 3237 880 3284 erat
907 3235 982 3300 prins
997 3229 1141 3298 judicium,

141 3304 184 3356 sin
205 3305 310 3366 minus,
336 3298 552 3356 rescindebatur.
596 3301 627 3354 V.
656 3303 803 3354 Meier.'et
820 3300 958 3354 Schoem,
970 3317 995 3369 p.
1015 3299 1065 3352 753
1082 3315 1142 3368 sqq.
1240 3311 1245 3327 '

141 3372 311 3424 lludtwallr.·
332 3388 363 3439 -p-
385 3371 493 3440 99,sqq.
541 3370 654 3423 Poterat
677 3369 748 3422 idem
772 3385 849 3433 reus,
875 3371 901 3421 si
929 3371 1062 3422 arbitrum
1093 3375 1143 3419 aut
1185 3417 1187 3423 .

140 3441 287 3492 inimicitia
304 3445 414 3492 motum
436 3447 486 3492 aut
510 3440 567 3492 alia
591 3454 628 3506 re
646 3445 803 3506 corruptum
828 3445 926 3494 contra
940 3439 987 3506 jus
1001 3438 1144 3504 judicasse

141 3510 282 3573 credebat,
308 3499 591 3594 ἰΙΙσιπέίσαγγέλλειν.
624 3507 820 3574 Harpocratio:
845 3505 998 3576 εἰσαγγελία
1018 3501 1058 3566 tel
1075 3504 1143 3556 κατὰ

139 3577 368 3639 τοίνδιαιτηποίν.
388 3577 413 3628 εί
428 3595 484 3646 γαρ
499 3591 541 3632 τις
557 3569 608 3628 ὑπὸ
626 3575 682 3628 τῶν
699 3575 843 3638 διαιτητῶν
860 3567 987 3641 ἀδικηθῇ,
1004 3571 1063 3637 ἐξῆν
1081 3574 1142 3624 ποῦ-

140 3665 189 3698 τον
211 3641 395 3715 εἰσαγγέλλειν
412 3637 559 3728 undgrei&
574 3639 696 3704 δικαςάς.
729 3641 773 3694 καὶ
790 3643 868 3698 οἳλοδς
884 3637 1018 3710 ἦπιμοῦπο.
1058 3636 1140 3692 Vide·

140 3730 202 3766 mus
225 3715 312 3782 igitur
338 3705 387 3776 πλην
402 3713 439 3782 μη
455 3729 540 3764 οοσαν
557 3712 713 3764 accusatori
732 3711 797 3774 soli,
818 3713 867 3776 τηγ
882 3705 1053 3779 εἰσαγγελίαν
1070 3708 1141 3760 arhi-

139 3789 184 3833 tro
205 3783 303 3835 damno
330 3781 427 3834 fuisse.
469 3780 500 3834 Si
524 3775 608 3861 igitur
631 3779 842 3843 Demosthenes,
864 3785 1011 3846 postquam
1032 3777 1142 3830 demon·

140 3851 252 3912 stravit,
279 3852 437 3904 Stratonem
456 3849 516 3900 sine
540 3865 581 3900 rra
607 3856 636 3901 et
653 3849 746 3901 studio
765 3854 894 3916 προσίασι
914 3847 1027 3903 ididiam
1047 3846 1142 3898 absen-

141 3925 207 3980 tem,
225 3921 376 3972 constituta
394 3917 472 3980 hora,
484 3919 686 3975 ¹condemnasse
712 3926 741 3970 et
757 3921 901 3982 postquam
923 3915 1054 3976 narravit,
1071 3927 1142 3982 quae

140 3987 189 4038 illo
211 3986 341 4056 ipsotdie
368 3986 435 4054 fecit
458 3984 575 4049 Midias,
601 3993 632 4038 ut
653 3984 785 4053 judicium
807 3986 914 4044 irritum
942 3982 1143 4045 redderentur

140 4056 248 4138 pergit:
268 4047 411 4117 ἀπειλήσας
434 4053 480 4106 καί
498 4052 713 4125 διαλοιδορηθεὶς
734 4053 907 4120 (Stratonem
930 4057 958 4104 et
980 4049 1142 4110 archontes)
1186 4076 1189 4082 ,

139 4121 268 4175 απελθολν
294 4125 322 4175 τί
339 4125 425 4186 ποιεῖς
465 4119 511 4173 καί
536 4118 678 4176 θεάσασθε
700 4121 747 4186 την
764 4117 944 4184 αακοήθεοαν,
965 4136 1022 4172 non
1047 4133 1143 4185 possu-

138 4207 200 4242 rnus
230 4191 294 4261 quin
322 4190 525 4261 intelligamus,
551 4191 666 4244 Midiam
699 4190 871 4242 minitantem
898 4187 966 4240 nihil
1012 4185 1070 4239 liud
1095 4202 1143 4238 ro·

139 4258 225 4329 luisse
243 4274 325 4329 quam
349 4255 538 4328 εἰσαγγέλλειν
551 4259 720 4314 Stratonem.
763 4257 962 4330 simulantem
1007 4253 1144 4311 emorthe·

1108 427 1112 438 h

1150 451 1165 480 l
1196 471 1198 480 .
1287 477 1292 484 ,

136 495 302 564 κακηγορίας
324 479 455 562 perderet
477 493 593 556 Midias,
619 497 668 548 sed
695 496 731 548 ad
756 496 784 548 id
808 497 933 562 tempta,
968 515 1022 568 qun
1047 498 1152 555 Midiae
