2864 4896
165 371 194 438 a.
213 369 256 424 to.
512 373 520 418 ι

122 533 123 536 ¹
168 436 432 538 Myle&
454 449 558 537 ἄνδρες
574 450 738 534 Ἀθηναῖοι,
764 450 880 528 λέγεται
899 453 976 538 πρὸς·
996 454 1114 538 πατρὸς
1133 452 1186 538 μὲν
1199 453 1241 521 40

160 535 401 622 Ἀλκμαιωνιδῶν
423 531 510 600 εἶναι·
539 533 668 612 τούτους
690 536 727 600 δέ
743 559 838 618 φασιν
856 535 918 600 ὑπὸ
940 537 1003 602 τῶν
1023 537 1186 624 τυράννοιν,
1212 567 1220 604 ,ν
1242 573 1290 614 ιιι
1316 563 1352 594 ‘1
1379 532 1383 543 ’

157 623 241 709 νπὲρ
252 621 309 688 τοῦ
320 621 417 705 δήμου
430 615 732 700 οτασιάζονταςων,
747 622 880 686 ἐκπεσεῖν
896 615 1185 706 καλόανασαμένους
1222 693 1226 700 ,
1307 645 1310 655 ·

160 707 295 794 χρήματ’
330 709 364 770 ἕν
387 705 513 787 Δελφῶν
534 705 736 793 ἐλευθερῶσαι
754 701 806 789 τήν
827 699 924 783 πόλιν,
946 708 998 771 καὶ
1017 704 1087 782 τούς
1109 715 1184 773 Πει-

161 791 330 881 σιστράτου
347 791 459 867 παῖδας
481 791 632 879 ἐκβαλεῖν·
661 787 738 880 πρὸς
758 791 792 856 δὲ
810 793 923 879 μητρὸς
940 791 1117 858 Ἱππονίκου
1133 797 1182 876 ⁴¹,

161 455 171 476 ³

159 1027 261 1108 sensus
286 1041 335 1087 ea,
355 1041 427 1094 quae
453 1021 482 1077 in
509 1025 599 1078 altere
626 1025 764 1096 scriptura
796 1027 859 1080 soni
889 1037 933 1080 est
957 1027 1070 1080 iteratio
1094 1026 1184 1100 προσῇ
1212 1063 1215 1072 2

157 1093 1181 1232 ttttt‘tittttttttt1“tlttffltttttt‘ttttttttlt‘tt

158 1247 225 1300 meu
246 1179 306 1284 ehu
323 1179 392 1283 iduh
410 1229 486 1304 ὕβρις
500 1252 516 1304 p
534 1179 563 1284 ih
582 1181 802 1300 pagacisiantum
817 1201 868 1285 ue’c
890 1201 1010 1302 magn'ae
1029 1184 1180 1286 docmati-
1253 1275 1254 1284 ,

160 1301 199 1354 tis
218 1296 299 1352 libris
320 1298 402 1368 (Van.
420 1301 500 1352 Antv.
514 1295 576 1352 Pur.
590 1302 615 1365 t)
636 1307 724 1366 esset3
742 1299 926 1354 revocandum
948 1305 1044 1354 censui
1062 1301 1180 1356 alteram

161 1369 244 1424 codd.
258 1375 316 1453 opt.
339 1376 368 1421 et
382 1369 563 1452 plurimorum
583 1369 740 1452 lectionem,
755 1385 825 1440 quae
840 1373 966 1423 tirmatur
977 1370 1043 1448 'loco
1065 1373 1177 1451 gemino

159 1438 206 1494 47.
221 1437 247 1490 h.
275 1439 303 1500 εξ
331 1437 404 1490 idioo
420 1453 586 1508 πραγματος,
613 1437 746 1510 οοιλεμνᾶς
764 1437 864 1510 bifluente
879 1454 1180 1514 npudentenc'rooanrqv

157 1506 247 1560 ἔδωκε
268 1505 357 1574 δίκην.
384 1503 460 1588 κΝοῐα
481 1507 544 1559 soni
562 1507 717 1561 insuavitas
740 1507 849 1561 tollitur
873 1507 1080 1562 intermissione
1096 1511 1179 1578 spiri·

159 1584 206 1628 tus
226 1582 292 1646 post
309 1591 406 1648 προσῃ.

231 1665 315 1735 [elea
354 1666 408 1718 Vul
430 1659 504 1718 atam
521 1663 1050 1731 anteReisltiumutemu'mortas,nullis
1069 1667 1178 1723 Beltlre·
1250 1727 1252 1733 ,
1325 1664 1327 1668 ’

157 1737 248 1789 rianis
268 1741 381 1805 praeter
425 1751 470 1787 en.
488 1735 643 1804 probatam,
664 1740 759 1790 tuetur
779 1737 913 1790 Soliaeier
930 1737 974 1792 hit
990 1738 1179 1800 verbim-„eot-

158 1799 309 1860 σιάσαννας
326 1807 484 1871 temporum
503 1805 534 1856 td
549 1799 720 1868 κατάλληλον,
739 1805 812 1874 quod
829 1813 873 1860 est
891 1823 926 1860 ex
940 1809 1081 1860 idiomatis
1093 1805 1178 1860 Grae·

159 1889 212 1927 cae
230 1875 368 1942 syntaxis,
386 1873 469 1925 facile
490 1879 611 1927 tueatur.
645 1873 780 1927 Resolve:
798 1874 863 1945 ὑπὲρ
874 1874 924 1927 τοῦ
945 1871 1033 1946 δήμου
1049 1870 1178 1936 enotatas

157 1942 207 1996 xci
225 1942 278 1995 sind
303 1941 361 1994 τῶν
384 1937 524 2016 τυράννων
543 1944 671 2002 ἐκπεσεῖν.
704 1943 750 1995 Sic
769 1959 796 2010 p.
820 1943 881 2005 562,
898 1941 925 1994 3.
953 1939 1111 2007 ποιήσαντες
1127 1961 1178 2011 φα·

54 2063 57 2066 .
156 2007 239 2082 yrido
256 2007 389 2078 ἐξέβαλον.
431 2009 488 2062 Sed
508 2011 578 2062 talia
596 2017 661 2063 sunt
675 2011 816 2065 intinita’¹..
848 2012 915 2074 Quis
936 2015 1041 2080 estqui
1058 2013 1176 2076 dubitet,

158 2083 202 2132 ita
218 2080 295 2148 loqui
322 2076 467 2132 Graecos?
506 2079 563 2131 Sed
588 2082 613 2132 si
633 2078 691 2132 hoc
708 2080 848 2134 voluisset.
863 2079 1066 2133 Demosthenes
1083 2076 1179 2141 ςασνοί-

159 2163 261 2203 οαντας
283 2156 347 2201 ante
370 2147 423 2200 tired
449 2145 508 2199 τῶν
524 2165 581 2219 top.
606 2151 756 2267 posuisset.
802 2150 888 2202 Recte
908 2149 1011 2202 Reisk.·
1024 2150 1108 2212 „ldeo
1128 2163 1176 2202 ex·

161 2217 340 2284 pellebantur
349 2217 560 2269 Alcmaeonidae
578 2233 596 2268 a
629 2217 803 2281 isistratidis',
822 2217 895 2287 quod
915 2214 1063 2281 ὲςασίαζον,
1084 2217 1176 2270 adhuc

161 2287 226 2338 dum
244 2285 396 2338 factionem
420 2287 560 2354 agitarent
583 2292 667 2372 atqpe
687 2289 931 2351 tumultuarentur,
954 2301 1009 2341 nun
1027 2288 1102 2356 quud
1117 2283 1178 2348 ὲςα-

160 2355 268 2418 σίασαν,
283 2356 349 2407 olim
368 2355 516 2424 aliquando
537 2354 565 2405 id
582 2354 739 2424 iecissent]
817 2392 820 2402 s

229 2447 262 2498 lt
276 2476 278 2484 =
293 2447 468 2516 Magnupere
491 2449 621 2500 aestuant
637 2447 690 2500 viri
707 2447 784 2500 docti
802 2447 831 2498 in
848 2445 999 2498 Alcibiadis
1019 2451 1175 2509 stemmate,

160 2516 235 2586 quud
256 2517 338 2585 plane
365 2517 504 2568 diversum
527 2521 621 2568 exstat
648 2515 721 2584 apud
747 2517 818 2568 alios
842 2515 1015 2582 scriptores„
1045 2517 1175 2568 Latuisse

116 2635 122 2650 ,
160 2591 254 2637 autern
273 2583 491 2637 Demosthenem
509 2600 598 2653 genus
617 2585 767 2647 Alcibiadis
787 2588 1085 2654 nequaquam‘potest,
1100 2583 1190 2644 cums

160 2655 291 2722 quicquid
318 2653 387 2706 dicit
403 2653 438 2705 de
460 2653 511 2705 illa
526 2653 638 2724 vautumi
660 2645 833 2724 εὐδαιμονίᾳ,
858 2669 914 2706 non
932 2660 1026 2704 tamen
1044 2651 1119 2702 ultra
1136 2663 1175 2702 nv

159 2724 273 2780 circiter
285 2739 373 2779 annos
391 2721 475 2774 distet
495 2719 577 2790 hujus
597 2723 732 2774 orationis
752 2722 915 2774 scribendae
927 2726 1043 2788 ,tempus
1062 2720 1097 2770 ab
1117 2722 1176 2772 exi·

158 2790 198 2844 lio
216 2791 306 2860 primo
323 2789 483 2851 Alcibiadis,
502 2796 559 2842 tum
575 2803 631 2842 xxx
649 2791 709 2844 fere
728 2806 814 2844 annos
834 2791 901 2842 nati.
931 2789 1062 2850 Errorem
1079 2789 1176 2859 igitur,

159 2873 242 2928 quum
261 2861 380 2911 averiis
397 2861 489 2912 causis
505 2867 633 2928 repetunt
649 2857 802 2913 Palmarius
823 2861 874 2928 (ad
886 2859 992 2926 Scriptt
1016 2873 1092 2928 gap.
1102 2857 1174 2924 teu.)

160 2937 190 2981 et
211 2931 295 2980 llenr.
306 2925 440 2981 'Valesius
460 2927 610 2992 (Emendd.
628 2926 654 2991 l,
675 2929 712 2994 1.)
735 2930 840 2981 nullum
858 2942 990 2997 agnosco.
1029 2927 1102 2980 Sane
1121 2933 1174 2978 An·

125 3043 128 3046 .
158 2997 273 3050 docidea
304 3005 333 3051 et
358 2995 522 3050 Plutarchus
555 3005 678 3050 materno
708 3013 811 3066 genere
839 2998 1010 3050 Alcibiadem
1045 2997 1175 3063 attigisse

158 3066 369 3118 Alcmaeonidas
395 3072 518 3128 narrant,
544 3071 572 3119 et
596 3066 747 3134 Hipponici
765 3081 865 3119 nomen
885 3067 959 3118 solet
978 3064 1174 3116 in‘Alcibiadis
1195 3124 1199 3132 ,

159 3134 288 3197 historia,
314 3137 427 3187 nonnisi
448 3142 481 3187 ut
504 3135 597 3188 soceri
620 3135 690 3202 ejus,
716 3136 875 3188 memorari.
913 3134 984 3196 Quid
999 3139 1094 3186 tamen
1115 3149 1174 3185 cre·
1263 3189 1266 3197 f

159 3205 225 3256 dere
251 3210 329 3256 vetat
354 3205 440 3257 etiam
469 3203 576 3257 cliniae
605 3211 732 3273 gentem,
759 3205 838 3270 cujus
867 3208 975 3269 patrem
1004 3199 1174 3254 Alcibiadem
1212 3225 1222 3242 ι

159 3273 278 3340 primum
298 3281 434 3326 memorat
458 3273 631 3338 Herodotus,
652 3274 827 3341 conjunctam
846 3271 931 3324 luisse
949 3285 1012 3322 curn
1032 3271 1174 3323 Alcmaeo·

159 3341 252 3393 nidis't
269 3341 440 3410 Hipponious
461 3349 563 3404 eutem,
588 3343 635 3410 qui
654 3339 701 3392 hic
716 3337 872 3409 temperet,
889 3340 964 3392 nullo
979 3340 1061 3393 modo
1081 3342 1176 3410 potest

157 3409 280 3478 intelligi
306 3427 387 3462 socer
410 3409 577 3474 Alcibiadis·;
605 3409 655 3460 sed
676 3410 788 3478 plurimi
807 3416 873 3462 sunt
891 3410 951 3476 ejus
975 3411 1096 3477 numinis
1113 3409 1175 3470 viri,

158 3479 189 3531 iu
207 3479 307 3530 eadem
330 3477 426 3546 gente,
447 3493 562 3546 quorum
589 3477 784 3530 celeberrimus
809 3477 864 3530 fuit
893 3478 985 3530 socius
1010 3477 1121 3530 Solonis
1144 3476 1173 3526 in

119 3585 122 3594 ,
161 3547 357 3612 constituenda
381 3547 525 3614 republica
547 3545 769 3610 Atheniensium,
793 3561 962 3616 quorumque
990 3545 1173 3614 aliquemge'·

159 3632 227 3669 nere
244 3617 336 3685 potuit
361 3618 499 3683 attingere
523 3613 706 3669 Dinomache.
754 3617 797 3668 De
814 3614 1070 3668 Alcmaeonidarum
1090 3612 1173 3663 rebus
1233 3673 1239 3680 .

160 3687 248 3754 gestis
265 3686 319 3737 vid.
337 3685 473 3750 Herodot.
495 3685 652 3753 etquidem
671 3685 798 3754 inprimis
817 3683 843 3750 5,
860 3681 904 3733 bi.
942 3681 995 3734 SP.
1078 3680 1172 3732 Pater·

159 3771 226 3808 num
247 3754 398 3807 Alcibiadis
421 3759 540 3806 stemma
562 3753 636 3806 ultra
666 3769 748 3806 avum
771 3781 805 3791 -
829 3765 961 3818 proauum
985 3749 1052 3801 vid*
1066 3751 1173 3802 Curaen

159 3825 196 3874 ad
217 3825 299 3876 lsocr.
318 3825 352 3876 de
369 3823 431 3891 Big.
452 3838 478 3890 p.
491 3822 552 3873 352.
570 3821 620 3874 sed
641 3822 678 3874 ci.
698 3823 802 3874 llerod.
824 3819 907 3872 modo
925 3817 999 3870 laud.
1024 3847 1049 3856 -
1071 3830 1173 3886 cognu-

158 3891 261 3964 minem
280 3893 390 3946 aliunde
408 3894 534 3960 ignotum
553 3899 598 3944 est
612 3891 701 3953 nobis,
721 3892 777 3944 nisi
790 3889 862 3958 quod
882 3889 911 3940 in
926 3885 1065 3938 Alcibiade
1080 3885 1172 3938 Primo

160 3961 302 4014 Platonico
329 3961 371 4027 (ξ.
398 3959 455 4022 35.)
487 3961 549 4028 ipse
577 3960 734 4032 Alcibiades
769 3975 828 4011 cum
851 3956 997 4008 Persarum
1024 3969 1106 4024 rege,
1136 3953 1171 4005 ab

159 4028 334 4082 Achaemene
353 4035 385 4094 et
406 4029 507 4080 Perseo
531 4045 619 4096 genus
644 4045 724 4080 suum
749 4027 901 4086 derivante,
920 4039 982 4076 sese
999 4033 1172 4092 comparans.

162 4097 332 4164 Eurysacem
372 4093 465 4161 Ajacis
497 4095 584 4148 lilium
618 4099 729 4164 generis
767 4095 810 4146 sui
845 4097 985 4146 auctorem
1022 4094 1175 4161 praedicat.

161 4167 270 4234 Quippe
286 4165 340 4218 tuit
366 4163 440 4217 inter
465 4161 565 4218 herode
591 4165 699 4218 Atticos
720 4163 848 4219 Phileous
865 4161 1019 4233 Eurysacis
1035 4157 1128 4230 (Paua.
1149 4157 1175 4223 1,

1049 4310 1068 4369 'a'
