2864 4896
534 351 736 372 ·--·-·-
1106 323 1144 394 57

124 405 281 490 aaa..
1037 485 1038 492 ι

124 491 202 564 τοὺς
224 489 312 573 ἐμοὺς
335 487 412 572 ᾤετο
443 485 503 552 όείν
520 487 657 575 ὑβρίζειν,
674 484 766 552 atla
777 554 778 559 ,
791 485 843 551 ιιαὶ
859 490 904 562 είς
923 489 996 564 rode
1012 487 1144 570 φνλότας
1168 530 1171 538 -

41 573 190 642 541.”δι’
210 575 263 658 ἐμέ
279 574 361 638 ²⁹³³.
404 572 444 649 ὥς
466 565 519 638 οὖν
538 570 635 644 ταῦτ’
657 569 762 655 α’ληθῆ
782 569 872 654 λέγω,
895 571 979 638 πόλει
998 599 1052 657 μοι
1070 575 1142 640 τοὺ-

122 681 188 724 των
204 661 277 732 τοὺς
299 657 464 744 μάρτυρας,
481 657 534 722 lr’·
546 656 649 740 εἰδῆθ’
669 657 727 722 ότι
744 657 816 744 πρίν
835 653 915 721 κατὰ
935 657 1008 734 τοὺς
1028 655 1139 744 νόμους

101 742 219 826 -όίιιην,
246 737 289 808 ὧν
313 740 462 830 πρότερον
486 740 647 826 adsultim,
676 741 797 830 λαβεῖν,
821 740 912 807 πόλιν
925 747 1065 810 τοιαῦτα
1084 743 1119 811 od
1146 764 1150 778 ¹·

124 823 276 911 ἀκηκόατε
293 828 441 913 ὕβρισμαι.
509 846 512 854 “
767 883 770 892 .
872 859 876 866 ·
1040 886 1043 891 .
1151 867 1160 881 κ
1348 825 1351 848 ’

212 917 478 978 ΜΑΡΤΤΒΕΣ.
513 909 727 994 Καλλισθένης
746 909 955 998 aptasset,
977 913 1142 998 Διόγνητος
1153 933 1177 975 c.

127 999 281 1084 Θορίιαορ,
299 1001 480 1082 Μνησίθεος
506 995 721 1076 Ἀλωπεκῆθεν,
746 995 868 1080 οἴδαμεν
889 993 1142 1086 Δημοσθένην,ᾧ
1170 1061 1173 1070 .

123 1080 342 1168 μαρτυροῦμεν,
358 1085 453 1166 κρίσιν
474 1079 637 1165 λελογχότα
652 1079 772 1163 Μειδία
793 1079 927 1166 ἐξούλης,
950 1082 996 1166 τῷ
1014 1085 1067 1150 ’καί
1085 1091 1142 1150 νῦν

123 1167 183 1232 ὑπ’
204 1167 302 1250 αὐτοῦ
319 1169 481 1253 κρινομένῳ
502 1164 779 1250 insepaparabilis
799 1165 837 1260 τῇ
854 1171 947 1253 νρίοει
959 1168 1053 1264 ἐκείνη
1074 1169 1141 1234 όια-

124 1251 275 1335 γεγονότα
300 1253 353 1334 ἔτη
380 1251 558 1334 ὀκτώ,,ιιαί
587 1251 645 1315 τοῦ
673 1250 783 1333 χρόνον
810 1254 999 1334 γεγενημένον
1025 1254 1141 1332 παντὸς

123 1335 226 1402 αι’ίτιον
244 1335 391 1420 Μειδίαν,
411 1337 459 1402 ἀεί
479 1334 740 1423 προφασιζηιενον
760 1333 812 1400 καὶ
830 1335 1083 1422 ἀναβαλλόμενον.
1107 1367 1111 1382 ν
1131 1412 1136 1421 .

198 1419 243 1485 ‘¹0
261 1425 362 1486 τοίνυν
381 1423 541 1505 πεποίηκεν
556 1420 604 1500 ²⁵,
632 1423 657 1482 n
684 1419 788 1504 ίίνόρες
808 1419 977 1502 Ἀθηναῖοι,
997 1423 1177 1508 umbrico.

124 1505 220 1589 δίνης,
247 1505 417 1571 ἀκούσατε·
452 1505 511 1586 Ἰιιαλ
536 1511 678 1589 θεωρεῖτε
704 1505 758 1584 ἐφ’
781 1498 898 1578 ἑκόςοιίΑ
912 1501 966 1588 την
985 1505 1004 1570 ίί
1024 1533 1069 1593 ριν
1087 1510 1140 1574 καί

122 1591 186 1668 τὴν,
205 1591 412 1742 ὑπερηφανίαν
439 1589 545 1656 αὐτοῦ.
580 1595 634 1674 τῆς
659 1588 721 1676 γὰρ
748 1588 839 1673 όίιιης,
864 1589 980 1694 subirara
995 1511 1082 1674 ίίγω,
1103 1587 1157 1678 ἦς’

123 1673 207 1742 enos
227 1677 286 1742 αὐτ
305 1701 332 1754 ν,
349 1678 479 1786 γίγνετριί
498 1693 550 1760 μοι
569 1668 722 1760 διαιτητὴς.
735 1675 770 1713 ²⁶
801 1673 951 1762 Στράτιον
972 1675 1140 1766 Φαληρεὺς,

195 1859 278 1930 [oras
307 1858 401 1916 Primo
419 1861 521 1916 obtutu
534 1862 622 1919 rerba
639 1855 709 1920 ἀλλὰ
726 1848 773 1914 ναὶ
785 1861 827 1917 ἐἰς
843 1845 905 1917 τεός
923 1811 1037 1931 {butor
1047 1861 1139 1920 alieno

123 1931 187 1986 loco
207 1942 270 1985 esse
287 1927 424 1995 videntur,
452 1947 535 2000 quum
560 1933 589 1984 in
614 1933 740 1999 proxime
764 1928 997 1998 praecedentibus
1015 1931 1086 1986 nihil
1105 1933 1139 1988 de
1205 1937 1210 1945 '

123 1999 273 2054 tribulibus
299 2000 384 2052 laesis
411 2007 548 2055 narretur.
592 1998 649 2054 Sed
674 2015 718 2052 res
743 2004 843 2066 postea
870 2005 952 2068 gesta
970 2000 1016 2054 bie
1035 2017 1139 2056 memo·

122 2074 212 2132 ratur,
235 2075 268 2120 ut
289 2069 437 2131 clarescat,
462 2075 566 2138 quanto
593 2067 725 2122 differant
751 2068 825 2120 inter
840 2083 881 2120 se
907 2069 1011 2122 Midias
1037 2075 1066 2124 et
1084 2071 1139 2124 De-

122 2137 295 2202 mosthenes,
318 2135 372 2200 hic,
398 2137 453 2191 etsi
480 2136 607 2192 maximis
629 2137 737 2205 injuriis
759 2133 879 2188 affectus
896 2130 959 2190 'non
981 2133 1067 2208 agens
1084 2141 1139 2194 nisi

124 2223 178 2276 per
198 2207 284 2274 leges,
303 2205 361 2268 ille,
380 2211 413 2260 ut
438 2205 656 2259 Demosthenem
684 2205 844 2269 ulciscatur,
864 2200 910 2282 iis,
918 2205 987 2274 ipsis
1004 2224 1059 2260 non
1076 2223 1138 2278 par·
1216 2273 1218 2280 Α

123 2291 201 2342 cens,
217 2275 264 2345 qni
280 2273 363 2327 vacui
381 2280 446 2328 sunt
466 2274 501 2328 ab
519 2275 595 2329 omni
614 2273 737 2344 injuria]
813 2325 816 2332 ,

193 2365 229 2419 24
266 2365 402 2422 Μοαεαόί
429 2373 494 2422 sunt
521 2368 643 2431 tirones,
671 2367 742 2438 ciris
771 2365 948 2433 Atheniensis
973 2383 1036 2420 cum
1060 2365 1139 2438 plene

122 2441 341 2504 nuncuparetur,
360 2438 464 2490 nomini
481 2437 547 2495 addi
566 2437 679 2490 solitum
699 2435 788 2504 patris
807 2436 893 2494 etiam
912 2443 941 2490 et
961 2433 1051 2508 νόμον
1069 2436 1097 2496 h·
1115 2453 1140 2492 e.

121 2505 195 2573 pagi
218 2521 335 2566 nomen:
362 2510 392 2560 et
414 2507 454 2572 in·
472 2504 516 2558 his
540 2505 712 2559 testimoniis
738 2504 848 2572 quidem
874 2503 1014 2558 interdum
1034 2509 1139 2560 utrum*

124 2587 188 2642 que,
214 2575 280 2642 pagi
304 2589 426 2642 semper.
465 2574 567 2628 Flebat
585 2580 677 2627 autem
696 2573 762 2644 pagi
788 2571 923 2632 indicatio
944 2574 1002 2641 sire
1020 2589 1072 2641 per
1089 2590 1139 2627 no·
1221 2630 1226 2639 .

123 2657 189 2694 men
208 2642 315 2710 gentile
334 2649 366 2694 nt
385 2637 526 2712 Σφήττιος,
546 2637 675 2698 Σοννιεός
697 2643 844 2726 (pagorum
862 2642 993 2708 nomina:
1010 2638 1141 2710 Σφητιόο,

122 2705 270 2776 Σούνιον),
292 2712 352 2765 sive
380 2726 430 2794 per
460 2710 624 2765 adverbium
652 2716 685 2762 ut
722 2709 914 2776 Αλωιιειιῆθεν,
941 2705 1140 2782 Βραυρωνόθεν
1235 2749 1237 2754 ,

126 2771 288 2846 (Ἀλωπεκῆ,
314 2777 474 2855 Βρανραν),
498 2781 559 2834 σίνε
581 2793 634 2848 per
661 2793 756 2848 praep.
781 2781 808 2841 ἐξ
832 2785 863 2831 ut
888 2780 917 2831 εκ
937 2776 1093 2846 Πειραιῶς...
1110 2781 1140 2832 ἐκ

121 2847 284 2916 Κρωιτιόιῒν
310 2848 341 2916 (ὅ
356 2843 503 2922 Πειραιεύς,
523 2849 551 2902 oi
570 2847 763 2920 Κρωπίόαι).·
785 2848 865 2918 Quae
884 2847 1014 2915 loquendi
1030 2847 1140 2902 formae

122 2917 254 2985 primitus
285 2915 398 2986 quidem
432 2917 603 2972 domicilium
631 2916 661 2968 in
717 2917 778 2986 agis
805 2916 868 2970 istis
897 2914 1156 2984 demonstrabant3-

123 2985 275 3054 postmodo
303 2992 397 3040 autem
421 2987 534 3040 nonnisi
561 2985 597 3038 ad
623 2982 704 3038 distri
724 2985 848 3042 utioncm
867 2983 945 3038 illam
963 2986 1062 3054 populi
1078 3001 1140 3054 spe·
1228 3005 1234 3020 ··

96 3089 104 3094 -
125 3055 249 3119 stabant,
271 3069 341 3122 quae
360 3070 493 3125 pagorum
512 3054 671 3108 nominibus
690 3069 801 3174 semper
818 3052 912 3118 tiebat,
927 3055 1052 3124 quamvis
1068 3055 1140 3122 jam·

126 3123 229 3176 dudum
246 3124 370 3176 maxima
388 3139 454 3193 pars
471 3123 567 3193 populi
583 3123 612 3175 in
631 3123 700 3190 urbe
717 3121 755 3174 ha
774 3121 866 3176 itaret.

135 3264 138 3272 .
193 3213 228 3268 25
265 3215 355 3268 Ausus
372 3232 434 3270 sum
461 3216 590 3270 omittere
610 3230 708 3269 rocem
727 3201 812 3268 ιιαιιόν
827 3213 914 3284 vulgo
932 3213 979 3268 bic
997 3214 1140 3280 insertam,
1166 3211 1177 3224 ‘

126 3299 207 3354 quarn
227 3299 281 3336 non
298 3287 428 3354 agnoscit
454 3286 522 3339 cod.
549 3287 620 3354 Aug.
642 3283 737 3351 [baur.
754 3283 833 3339 Antv.
854 3283 917 3338 Par.
930 3283 996 3352 .kr.]
1015 3299 1141 3354 quaeque
1181 3279 1189 3304 ⁸

125 3355 239 3408 nimium
257 3369 339 3422 quam
362 3348 544 3422 inepta'milri
564 3354 675 3422 quidem
691 3351 848 3430 videbatur.

194 3441 229 3496 26
263 3444 367 3496 Arbitri
385 3442 420 3495 44
443 3460 459 3498 e
484 3445 603 3513 singulis
624 3444 752 3498 tribubus
771 3445 872 3498 sortito
894 3443 1040 3508 dabantur,
1061 3458 1139 3500 sexa-

125 3513 204 3584 ginta
223 3512 368 3564 minimum
388 3527 476 3566 annos
500 3514 569 3578 nati,
594 3513 730 3582 iidemque
750 3514 825 3567 bona
842 3512 928 3566 fama
968 3515 1005 3565 lli
1024 3514 1058 3565 de
1075 3527 1139 3565 cau·

126 3581 167 3632 sis
190 3597 276 3650 supra
303 3581 400 3636 decem
419 3581 566 3642 drachmas
595 3582 766 3646 aestimatis,
793 3586 941 3650 antequam
962 3580 996 3634 ad
1016 3579 1139 3649 judicem
1201 3585 1204 3590 “

125 3649 310 3714 deferrentur,
333 3647 535 3720 disceptabant.
574 3651 731 3721 Oportebat
747 3650 882 3703 arbitrum
903 3651 948 3703 die
966 3655 1072 3703 statuta
1092 3664 1138 3702 ex·

125 3726 216 3771 eunte.
227 3719 395 3772 sententiam
410 3720 600 3787 pronuntiare,
621 3719 663 3773 cui
682 3716 781 3774 deinde
801 3719 1007 3772 subscriberent
1024 3715 1140 3770 archon-

126 3790 184 3852 *3
210 3789 235 3839 si
263 3789 324 3856 quis
343 3793 438 3851 autem
464 3789 499 3841 de
527 3789 694 3842 arbitrorum
722 3788 843 3842 decretis
867 3793 1038 3856 quereretur,
1065 3783 1140 3838 hunc
1166 3777 1194 3832 .’
1263 3793 1272 3800 “

127 3857 267 3910 sotionem
293 3857 322 3914 in
345 3872 395 3910 eos
420 3857 566 3912 intendere
592 3858 740 3910 undecimo
764 3857 827 3910 anni
854 3872 964 3920 mense,
986 3869 1036 3925 per
1059 3869 1139 3922 quem

126 3925 267 3994 integrum
296 3925 332 3980 ed
357 3925 481 3979 rationes
504 3925 660 3980 reddendas
686 3925 811 3995 quotidie
836 3925 867 3976 in
891 3937 974 3976 unum
994 3924 1141 3976 convenire

129 3994 319 4062 cogebantur,
339 3995 439 4063 quicun
459 4011 495 4048 ue
524 4011 559 4054 eo
578 4011 650 4066 anpo
677 3995 778 4048 arbitri
792 3994 919 4051 tuissent.
937 3993 1007 4046 uim
1022 3993 1140 4046 ismen-

129 4061 371 4129 sisrTlrargelion,
389 4063 426 4116 du
464 4063 570 4120 ecimus
592 4070 686 4118 autem
706 4061 915 4132 Sciropborion.
948 4061 1042 4114 Poena
1061 4075 1140 4130 prae·

130 4130 281 4198 varicantis
295 4130 407 4184 ‘arbitri
431 4137 492 4184 erat
522 4125 647 4202 ἀτιμία,
666 4132 766 4200 eapitis
794 4127 957 4185 deminutio.
991 4127 1047 4184 dP.
1086 4129 1143 4198 ,ad

132 4205 221 4254 totum
243 4197 316 4252 bunc
339 4197 373 4252 de
397 4199 510 4272 arbitris
533 4201 625 4256 locum
653 4215 797 4270 rerumque
823 4201 900 4276 interl
914 4197 1142 4262 Demosthenem,-
