2888 4890
269 251 311 316 38
677 285 880 303 ---·-·-

273 411 331 497 yde
354 411 452 498 δίνου
478 415 576 483 τοῦθ’
605 417 652 482 ὅτι
678 441 750 492 τους
765 413 875 506 χοροὺς
894 416 973 501 ὑμεῖς
994 405 1289 506 4ίῖπανταο-’τῖἶτ-ονξ
1318 427 1320 432 ’

272 501 326 563 καί
346 501 496 569 coic¹⁶³a
522 501 633 583 ίίμνους
669 501 725 584 τῷἴ
746 505 810 586 θεῷ
831 504 1018 582 novamviam
1041 503 1078 568 οὐ
1099 499 1190 586 μόνον
1211 500 1291 569 κατὰ

272 578 342 658 τοὺς
362 584 471 670 νόμους
493 581 565 662 τοὺς
585 585 653 673 περὶ
675 584 736 652 τῶν
762 592 939 668 Διονυσίων,
958 585 1037 651 ἀλλὰ
1057 589 1109 652 ναί
1132 587 1214 654 κατὰ
1232 590 1291 663 τὰς

274 674 423 751 μαντείας,
452 672 483 736 ἐν
509 669 558 747 αῖς
589 669 722 746 ἁπάσαις
756 673 941 756 ἀνῃρημένον
966 669 1099 758 εὑρήσετε
1126 673 1165 757 ci}
1193 671 1290 747 πόλει,

185 755 191 768 “
275 752 387 835 ὁμοίως
417 757 450 820 ἐκ
479 755 608 838 Δελφῶν
633 757 686 822 καί
709 757 742 820 ἐν
770 743 930 839 Ᾰωδοίνης,
959 753 1069 840 χοροὺς
1090 747 1192 830 ίςοίναι
1211 753 1293 822 κατὰ

273 837 313 902 τὰ
331 832 455 921 πάτρια,
473 843 525 906 καί
544 845 668 920 κνΐοοᾷν
694 841 851 920 ἀγυιὰςῦί,
869 842 923 907 καί
943 853 1172 930 ςεφανηφορείν.
1215 841 1292 908 ἄνᾶν

211 933 216 937 “
237 947 243 959 “
273 931 373 1000 yvone
394 924 429 988 dd
446 950 498 1009 μοι
518 928 621 1014 λαβὼν
642 924 737 1002 αὐτὰς
757 922 812 1002 τίς
829 930 980 1011 μαντείας.
1043 944 1066 988 ν

273 1045 321 1128 uis
339 1075 539 1133 Damnatomm
559 1096 586 1148 p.
611 1078 653 1134 16.
673 1079 745 1148 not.)
767 1079 949 1133 indicativum
976 1079 1176 1135 restituendum
1201 1079 1293 1148 jusse-

274 1143 322 1222 fits
344 1143 579 1218 Spaldingumque
603 1150 632 1201 in
656 1165 691 1202 eo
716 1163 841 1219 quoque,
866 1149 940 1218 quod
964 1145 1000 1202 ἄν
1022 1163 1083 1201 cum
1110 1149 1202 1201 ποιεῖν
1226 1165 1291 1202 con·

272 1213 375 1282 jungit,
401 1217 621 1285 reprehenderit.
666 1215 713 1270 De
740 1233 796 1286 qua
818 1231 848 1269 re
872 1219 914 1269 ita
937 1217 1136 1287 dispiciendum
1155 1216 1224 1268 mihi
1250 1219 1291 1269 vi-

275 1280 384 1335 detur..
413 1285 548 1339 Voculam
576 1285 611 1338 ἄν
633 1287 663 1338 iu
687 1285 807 1339 formula
824 1281 878 1337 mir
899 1281 924 1340 ei
949 1287 1066 1355 proprie.
1089 1287 1230 1354 pertinere
1255 1285 1292 1338 ad

277 1351 397 1406 aiterum
416 1362 481 1422 post
497 1355 522 1410 εί
542 1355 658 1408 verbum
686 1356 782 1424 negari
803 1368 857 1408 uon
877 1359 988 1423 potenti
1026 1355 1139 1406 rimaria
1155 1355 1230 1407 euim
1250 1353 1291 1406 di·

277 1420 378 1472 ctionis
395 1421 487 1476 foruna
504 1423 576 1477 haec
593 1431 646 1487 est,
664 1423 711 1475 καὶ
726 1422 843 1476 sicorim
860 1423 972 1488 ποιοίην,
993 1371 1070 1480 sido
1086 1423 1198 1487 ποιοίην,
1216 1419 1292 1490 quod

275 1489 307 1541 in
319 1505 448 1578 sermons}
459 1493 571 1562 oblique
586 1493 631 1546 vel
644 1495 686 1544 sic
705 1499 749 1546 est
767 1489 946 1556 efferendum,
961 1491 1036 1546 donni
1051 1502 1108 1564 μοι,
1119 1490 1202 1556 καὶεί
1213 1489 1292 1544 τοῦτο

274 1557 389 1622 ποιοίην,
416 1577 446 1613 εν
470 1558 505 1614 ἂν
523 1564 617 1622 ποιεῖν,
634 1561 686 1615 vel
707 1562 757 1623 sic,
781 1557 841 1622 κᾶν,
862 1559 887 1612 εί
906 1560 985 1614 τοῦτο
1005 1560 1117 1624 ποιοίην,
1143 1557 1174 1612 sc'
1194 1558 1292 1614 ποιεῖν.

274 1623 336 1679 Jam
361 1643 427 1681 vero
453 1627 523 1682 haec
549 1629 672 1681 formula
692 1626 744 1680 κᾶν
765 1629 795 1692 εἰ,
824 1629 907 1696 plane
928 1637 960 1682 ut
985 1630 1102 1682 latinum
1127 1627 1240 1690 etiamsi,
1261 1629 1291 1680 iu

274 1711 403 1750 sermone
429 1698 591 1768 quotidiano
616 1697 745 1750 induerat
771 1697 1008 1766 significationem
1030 1702 1178 1766 cognatam
1204 1698 1292 1764 parti·

276 1765 356 1818 culae
379 1765 475 1834 καίπερ
499 1766 549 1818 lat.
576 1767 705 1835 quamvis.
747 1765 809 1828 Quo
831 1767 917 1830 iacto,
938 1768 1048 1836 quoties
1071 1765 1110 1827 id,
1133 1766 1207 1833 quod
1227 1781 1291 1833 pru-

275 1835 333 1885 tasi
362 1835 567 1898 contineretur,
598 1852 653 1887 non
682 1839 713 1886 ut
748 1835 884 1888 incertum
916 1843 994 1888 esset
1021 1834 1236 1898 enuntiandum,
1261 1833 1292 1884 in

275 1915 377 1970 graeco
402 1903 514 1971 quidem
539 1919 684 1968 sermone,
710 1904 877 1956 indicativus
902 1905 932 1955 in
960 1905 1080 1974 optativi
1110 1903 1203 1954 locum
1231 1915 1292 1953 suo·

194 1991 196 1998 ’
277 1971 404 2034 cedebat,
427 1980 588 2026 remanente
613 1979 706 2026 tamen
731 1971 779 2026 ilio
802 1970 861 2035 κᾶν,
880 1972 910 2024 in
930 1987 984 2042 quo
1005 1971 1143 2040 particula
1158 1969 1193 2022 ἄν
1214 1986 1294 2023 cou-

277 2040 398 2104 sopita
423 2057 495 2093 nunc
524 2047 595 2093 erat.
639 2041 681 2094 De
706 2055 762 2110 qua
788 2056 818 2093 re
846 2041 953 2094 monuit
975 2042 1151 2094 Heindortius
1167 2037 1203 2092 ad
1221 2039 1294 2095 Piet.

277 2106 402 2176 Sophist.
421 2107 463 2161 69.
488 2110 657 2163 luculentum
684 2111 760 2162 inter
788 2109 845 2162 alia
874 2110 1028 2180 exemplum
1053 2124 1159 2178 ponens
1190 2106 1244 2160 hoc
1276 2122 1293 2160 e

276 2177 399 2230 Merene
421 2175 448 2244 ᾧ.
463 2178 491 2231 4.
536 2177 612 2232 οὕτω
638 2171 673 2241 δὴ
699 2177 745 2230 καί
769 2174 833 2252 περὶ
860 2169 977 2251 ἀρετῶν·
1001 2176 1054 2231 κᾶν
1077 2179 1102 2230 εἰ
1125 2176 1222 2230 πολλοί
1247 2171 1296 2228 καὶ
1392 2174 1395 2189 '

276 2245 453 2298 corrodente*
480 2247 562 2310 εἰσιν,
590 2246 621 2299 ἓν
645 2242 679 2317 γέ
704 2265 732 2298 τι
755 2238 829 2302 εἶδος
857 2243 957 2302 ταύτὸν
979 2244 1083 2298 ἅπασαι
1100 2247 1219 2314 iponem:
1247 2241 1295 2296 hie

278 2315 351 2366 enim
367 2313 437 2365 iliud
460 2315 485 2367 si
500 2341 534 2354 -
553 2313 621 2368 εἰσίν
647 2315 832 2368 certissimum
857 2321 909 2382 est,
932 2330 1017 2384 quare
1035 2315 1158 2383 sequitur
1177 2315 1206 2366 in
1227 2327 1295 2380 apo·

278 2381 338 2434 desi
355 2383 469 2451 ἔχουσιν,
494 2383 568 2454 quod
591 2398 654 2435 eum
676 2381 712 2435 ἄν
739 2380 869 2452 conjungi
897 2399 953 2436 nou
980 2388 1082 2453 potest.
1117 2383 1155 2434 Et
1175 2381 1294 2434 eandem

277 2451 368 2504 nostri
393 2466 502 2520 quoque
526 2453 583 2505 loci
608 2453 746 2504 rationem
775 2467 838 2506 esse
863 2451 979 2520 putabat
1001 2453 1099 2506 Meier.
1139 2451 1293 2520 Atquilnon

276 2519 331 2572 hoc
358 2517 426 2572 dicit
447 2521 658 2583 Demosthenes,
684 2520 890 2590 neque'voluit
908 2519 1021 2584 diceres
1032 2521 1178 2588 „quamvis
1196 2519 1295 2586 impie·
1337 2565 1341 2576 ,

276 2593 365 2642 tatem
391 2587 465 2642 hanc
492 2605 554 2643 esse
572 2591 726 2642 statuatis'¹
757 2595 790 2643 ut
819 2595 925 2642 certum
948 2588 1003 2642 hoc
1030 2590 1211 2658 praedicans:
1244 2584 1294 2638 sed

276 2656 460 2725 hypothetice
483 2658 635 2734 loquitur„
652 2658 753 2712 vocula
780 2658 806 2712 εἰ
829 2673 925 2711 veram
953 2673 1034 2729 suam
1062 2657 1295 2726 significationem

278 2734 434 2780 exercente.
475 2727 572 2796 Neque
594 2732 690 2782 tamen
716 2726 838 2790 dubium,
858 2729 924 2795 quin
945 2721 1098 2780 indicative
1118 2725 1200 2778 modo
1222 2723 1296 2781 hunc

280 2797 367 2849 etiam
385 2809 497 2848 sensum
512 2795 614 2849 efferre
631 2797 766 2866 potuerim
786 2811 873 2862 quave
890 2796 915 2847 si
930 2798 1061 2864 scriptum
1076 2795 1122 2848 hio
1140 2799 1225 2856 esset,
1243 2785 1298 2846 κᾶν

277 2864 304 2918 ei
321 2856 448 2934 ἀσέβειαν
460 2856 680 2936 καταγιγνώσκοι
691 2862 768 2930 (τις),
779 2863 813 2917 vd
827 2857 997 2935 apodixem
1012 2866 1108 2932 ποιεῖν,
1124 2862 1251 2914 voculam
1264 2857 1299 2913 ἄν
1329 2878 1333 2884 ·

277 2935 347 2986 item
379 2934 553 3000 consopitam
584 2949 647 2986 esse
682 2938 759 2986 recte
796 2933 968 2985 diceremus:
1001 2948 1066 2984 nam
1099 2932 1129 2983 in
1158 2930 1296 2982 infinitivo

276 3005 367 3059 ποιεῖν
385 3009 443 3054 tum
460 3003 562 3056 lateret
577 3007 684 3055 rectum
703 3003 784 3064 ποιεῖ,
800 3017 918 3070 quocum
939 3000 1039 3053 ivnon
1059 3001 1125 3052 coit.
1156 2997 1213 3052 Sed
1231 3015 1297 3051 con·
1349 3011 1353 3021 ¹

279 3087 378 3124 sensus
397 3070 525 3124 codicum
545 3071 627 3124 docet
644 3071 781 3140 placuisse
800 3071 906 3122 oratori
924 3071 1082 3135 remissius,
1093 3071 1219 3136 optativo
1237 3083 1296 3119 mo·

281 3141 326 3204 do,
346 3141 392 3192 hic
406 3140 489 3208 loqui.
518 3141 580 3192 Hoc
595 3141 688 3208 itaque
706 3139 838 3202 admisso,
848 3139 951 3192 vocula
969 3137 1005 3190 ἄν
1022 3138 1078 3189 vim
1095 3153 1176 3188 suam
1196 3141 1295 3206 sponte

279 3208 388 3275 recipit.
432 3208 566 3262 Sermone
591 3209 665 3262 enim
686 3215 767 3260 recto
787 3205 879 3259 'aliter
903 3207 1042 3260 enuntiari
1066 3203 1135 3257 haec
1155 3209 1297 3274 nequeunt

253 3302 258 3324 t
282 3291 364 3346 quam
384 3276 434 3340 sic,
452 3273 499 3328 καί
516 3268 642 3346 ἀσέβειαν
661 3277 686 3330 'ai
702 3268 929 3346 καταγιγνώσκοι,
944 3269 979 3328 τὰ
994 3267 1163 3346 προσήκοντα
1179 3271 1217 3326 ἂν
1235 3291 1297 3326 ποι-

281 3347 334 3432 οίη,
360 3346 406 3398 vel
428 3346 587 3430 consuetius
617 3341 671 3398 κᾶν
689 3371 723 3384 -
740 3371 775 3385 -·
792 3344 893 3410 ποιοίη,
920 3351 948 3398 et
971 3345 1001 3396 in
1029 3357 1156 3396 sermone
1184 3341 1296 3412 obliquo

277 3432 331 3469 κον
349 3439 384 3452 -
404 3440 438 3454 -
455 3431 553 3468 ποιιιν.

349 3491 431 3562 [raes
464 3488 527 3553 coir
544 3509 608 3550 cum
624 3491 714 3547 Bekk.
734 3507 770 3546 ex
789 3493 851 3546 Par.
873 3498 900 3547 Σ
916 3465 1033 3562 recepi]

349 3575 399 3644 [54
435 3575 568 3631 Praeferc
586 3591 649 3628 cum
661 3573 790 3629 Bekkero
809 3583 838 3630 et
850 3575 1001 3632 Schaeferu
1012 3577 1120 3640 ποιοῖτε,
1135 3569 1208 3642 quod
1218 3567 1300 3625 codd.

283 3643 347 3698 Par.
370 3646 463 3703 1ukr
478 3647 563 3700 Laur.
581 3647 661 3700 Antv.
678 3645 747 3713 nug.
767 3645 922 3708 exhibent]

351 3725 387 3778 55
415 3727 479 3782 Non
497 3727 689 3781 consecrares
709 3733 753 3778 est
776 3728 976 3796 descriptura
997 3721 1079 3790 hujus
1096 3719 1237 3781 vocabuli,
1259 3718 1301 3769 in·

285 3801 332 3846 ¹01*
356 3801 467 3850 veteres
491 3798 568 3868 ipsos
596 3801 785 3860 controversa,
812 3803 904 3850 utrum
928 3797 1027 3848 ultima
1044 3795 1081 3843 sit
1100 3790 1226 3840 acuenda
1248 3784 1300 3853 (ab

286 3857 377 3931 ἇγνιά,
393 3867 483 3932 vicus)
507 3880 543 3918 an
565 3864 807 3918 circumflectenda
831 3867 882 3932 (ab
898 3858 1013 3934 ἆγοιείς,
1035 3874 1085 3912 ara
1111 3864 1175 3908 unte
1202 3857 1303 3919 fores).

287 3934 492 4002 Harpocration
515 3942 544 3988 et
561 3934 664 3995 Suidue,
678 3936 818 4000 posterius
842 3935 969 3993 suadent,
994 3929 1067 4000 quod
1090 3928 1176 3982 etiam
1199 3924 1301 4006 protra-

286 4001 367 4054 bitias
391 4005 438 4069 m,
471 4005 496 4056 si
522 4010 635 4072 reputes
656 4001 706 4056 τὸν
727 3997 824 4074 ιἰγοιέιι
846 4018 903 4055 nou
928 4016 991 4053 esse
1015 4006 1133 4050 statuam
1155 3994 1300 4061 Apollinis,
1319 3995 1329 4022 Ν

287 4075 319 4122 ut
348 4072 480 4140 intelligit
505 4073 656 4142 'l'aylorus
688 4071 737 4125 sed
767 4087 852 4125 cram.
900 4067 933 4120 V.
963 4065 1087 4136 Hesych.
1116 4067 1148 4120 in
1167 4063 1194 4114 h.
1213 4077 1240 4116 v.
1271 4067 1303 4112 ct

289 4137 384 4194 eonon
402 4140 467 4196 Eur.
486 4139 590 4196 Phoen.
609 4140 670 4196 636.
699 4143 823 4210 itemque
851 4137 928 4194 suia
959 4137 1131 4206 adstipulatur
1152 4133 1229 4185 locus
1247 4128 1302 4181 Eu-

784 4303 788 4342 Ι
