2888 4890
289 317 349 368 XVI
669 337 675 364 τ
698 343 901 370 και-ω,-

219 535 221 548 ,
292 469 491 546 Contumelia
513 471 588 530 tunc
611 469 736 550 quidem
758 471 840 550 laeta
867 468 1074 537 Demostheni
1102 477 1165 538 tam
1196 497 1308 558 magna

293 561 360 621 visa
381 560 443 635 cst,
468 560 515 631 ut,
541 572 619 618 ‚cum
646 557 778 616 mortem
807 553 919 616 Midiae
944 555 1011 637 uon,
1029 559 1154 622 nimiam
1174 583 1307 642 poenam
1350 623 1352 630 χ

292 647 431 716 duceret,
453 661 597 704 caussam
614 641 765 720 pctllcum
786 639 912 718 faceret,
932 643 1127 726 violataeque
1145 643 1307 726 religionis

276 733 398 806 ‚statim
418 731 494 807 post
515 745 629 784 munus
651 725 780 800 editum,
802 725 933 807 probola
951 747 1030 788 usus
1055 751 1127 788 eum
1145 732 1230 811 apud
1247 754 1307 813 po-

219 861 224 878 .
292 814 401 896 pulum
420 813 596 884 accusaret3
616 830 636 868 a
654 827 717 890 qno
737 828 809 868 cum
827 807 938 874 Midias
961 801 1186 876 condemnatus
1207 820 1305 890 esset,
1324 840 1370 846 ‘-

292 895 499 958 Demostheni
526 893 657 970 licebat,
686 913 829 958 caussam
851 897 1032 976 adjudices
1055 900 1176 960 deferre
1198 901 1307 960 simul·
1336 899 1339 904 ’

293 1005 354 1064 quo
377 981 621 1066 effectumerat,
640 981 679 1061 ut
692 978 818 1057 judices
841 973 951 1060 populi
975 985 1160 1048 sententiam
1173 985 1307 1066 publice
1385 1009 1388 1017 ’

291 1067 478 1128 declaratam
500 1065 662 1126 novissent
682 1064 847 1144 minusque
868 1065 907 1124 iis
927 1067 1150 1144 condemnandi
1171 1069 1307 1130 hominis

291 1151 450 1218 iracundia
473 1149 638 1211 metuenda
657 1150 753 1224 esset,
774 1148 806 1207 id
828 1151 912 1228 quod
932 1150 1135 1212 boemorum
1156 1155 1308 1234 deprava-

292 1241 397 1299 torum
423 1236 564 1314 tempore
590 1232 695 1311 magni
724 1235 873 1292 momenti
903 1239 979 1299 erat.
1036 1233 1123 1299 Tunc
1150 1239 1307 1300 referebat

291 1320 526 1393 Demosthenis,
555 1322 591 1380 ut
614 1314 647 1378 iu
670 1317 845 1398 judicibus,
871 1318 903 1378 in
929 1320 1045 1400 quihus
1065 1322 1219 1382 festorum
1242 1325 1306 1384 die·

290 1415 361 1468 rum
385 1404 561 1490 sanctitatis
580 1423 693 1464 sensus
716 1405 878 1462 emortuus
900 1407 1047 1482 esset,“ad
1069 1427 1149 1486 quos
1174 1410 1306 1487 quadra·

290 1493 371 1566 rent,
394 1497 473 1569 quac
496 1489 571 1548 dicit
592 1487 748 1551 Isocrates
772 1508 956 1568 comparans
982 1493 1032 1551 sui
1052 1492 1305 1554 aeviAthenien·

292 1595 438 1636 sescum
466 1571 640 1654 majoribus
663 1571 822 1652 Areopag.
853 1595 884 1652 p.
910 1576 981 1638 145.
1019 1571 1094 1655 „aci
1114 1570 1235 1657 πρῶτον
1252 1572 1305 1656 μὲν

289 1657 330 1722 τὰ
351 1655 419 1736 περὶ
438 1655 511 1728 τοὺς
519 1654 621 1729 ἶθεοὺς
641 1653 697 1716 οὐκ
718 1651 884 1735 ἀνωμάλως
900 1654 968 1718 οὐδ’
982 1655 1121 1730 ἀτάκτως
1140 1657 1210 1722 οὔτ’
1232 1659 1305 1722 ἔθε-

290 1739 426 1826 ρυίπιυοτ
454 1737 527 1804 οὔτ’
561 1736 734 1822 aestates*
769 1736 839 1800 οὐδ’
865 1736 958 1803 ὁπότε
987 1739 1040 1822 μὲν
1066 1739 1176 1818 δόξειεν
1199 1741 1306 1817 αὐτοῖς

288 1827 482 1906 τριακοσίους
502 1823 642 1906 ἔπεμπον,
663 1814 755 1886 ὁπότε
768 1819 802 1886 δὲ
818 1820 938 1905 τύχοιεν,
951 1823 1005 1899 τὰς
1024 1829 1173 1908 πατρίους
1192 1831 1305 1902 θυσίας

290 1911 455 1988 ἐξέλειπον·
489 1906 562 1972 οὐδὲ
584 1907 639 1981 τὰς
658 1905 711 1994 μίυ
731 1900 889 1988 ίπιθέτους
910 1909 1028 1994 ἑορτὰς,
1057 1910 1107 1986 αἷς
1128 1911 1240 1986 aaran
1258 1936 1303 1988 τις
1335 1972 1336 1976 ,

277 1998 424 2078 προσείη,
443 1989 671 2078 μεγαλοπρεπῶς
691 1995 774 2072 ἦνον,
790 1991 821 2058 ἐν
840 1989 873 2056 δὲ
894 2003 959 2068 τοῖς
979 1993 1159 2071 ἁγιωτάτοις
1180 2002 1240 2061 τῶν
1260 1999 1303 2060 ἱε-

232 2143 235 2157 ,
289 2083 352 2166 ρῶν
372 2076 435 2146 α’πὸ
456 2076 661 2162 pertundens
681 2076 866 2156 tenesne,
889 2083 1054 2161 referebat,
1076 2086 1215 2165 inquam,
1237 2081 1302 2146 De-

287 2165 477 2242 mosthenis,
504 2171 541 2226 ut
563 2167 646 2225 hunc
674 2173 802 2226 sensum
823 2166 1036 2246 resuscitaret,
1060 2173 1096 2228 ut
1120 2172 1302 2250 magnitudo

288 2255 394 2314 delicti
416 2251 530 2311 Midiae
548 2251 658 2336 animis
678 2270 787 2310 eorum
810 2271 844 2310 se
863 2251 1020 2328 ingereret
1043 2284 1086 2296 -
1106 2275 1177 2314 nam
1199 2257 1302 2336 primo
1414 2271 1425 2308 ¹1

287 2339 447 2417 concitati,
472 2357 543 2396 cum
569 2333 710 2415 probola.
727 2336 826 2410 fieret,
856 2337 950 2399 animi
970 2337 1083 2416 partim
1106 2339 1169 2421 ipsi
1189 2360 1247 2419 per
1267 2363 1302 2401 se

288 2425 516 2486 consenuerant
535 2421 650 2502 partim
670 2419 726 2488 vel,
743 2420 887 2489 violentis
914 2421 963 2480 vel
989 2417 1133 2484 dulcibus
1154 2427 1301 2486 remediis
1328 2438 1335 2474 l

288 2509 389 2569 sedati
409 2510 498 2568 erant
519 2537 558 2552 —-
580 2505 747 2582 referebat,
768 2509 805 2564 ut
826 2507 858 2564 in
872 2505 1047 2584 judicibus,
1076 2509 1131 2586 qui
1152 2529 1214 2568 non
1231 2511 1301 2590 jam

264 2597 324 2654 'ut
347 2592 471 2652 honesti
490 2589 643 2669 indignari
664 2593 795 2670 possent
816 2591 853 2648 de
876 2591 1026 2672 nequitia,
1048 2613 1110 2670 qua
1131 2614 1210 2654 usus
1227 2598 1303 2656 ¹erat

285 2675 398 2738 Midias
424 2677 457 2736 in
486 2672 741 2750 Demosthenem,
767 2675 1010 2752 indignationem
1030 2676 1196 2737 honestam
1219 2682 1302 2740 cxci-

286 2765 379 2823 taret.
421 2757 493 2821 Non
521 2762 634 2819 mirum
663 2763 712 2820 est
730 2756 976 2846 Atheniensibus
1008 2760 1052 2819 ita
1073 2765 1203 2823 moratis
1225 2765 1300 2824 iaci-

286 2866 348 2908 πυτ
380 2843 495 2905 Midiae
526 2847 564 2904 ad
583 2844 696 2904 -solnm
725 2839 970 2905 Demosthenem
1005 2847 1162 2925 pertinere
1193 2849 1301 2928 videri,
1371 2889 1375 2896 -

287 2932 339 2992 cui
357 2932 479 3014 privata
506 2929 561 2987 lite
584 2930 761 2989 satisfieret.

309 3079 311 3085 ,
372 3013 593 3099 Quamobrem,
616 3015 652 3074 ut
667 3015 735 3093 jam
763 3013 801 3072 ad
823 3015 1038 3099 exponendum
1059 3011 1161 3094 ipsius
1184 3017 1301 3079 oratio·

280 3101 341 3187 ¹nis
359 3100 524 3166 consilium
542 3097 717 3179 aggredior,
737 3093 966 3158 Demosthenes
983 3099 1118 3178 primum
1139 3124 1174 3163 se
1196 3104 1301 3162 delen·
1385 3115 1390 3126 “

287 3187 343 3262 dit,
363 3186 448 3265 quod
474 3183 607 3264 probola
634 3188 742 3243 contra
771 3180 896 3242 Midiam
921 3203 999 3242 usus
1033 3185 1087 3260 sit,
1110 3206 1189 3266 quac
1209 3189 1299 3248 insti-

237 3327 239 3332 ,
287 3270 434 3331 tuebatur
459 3267 629 3358 sceleribus
649 3267 793 3350 patratis,
822 3267 936 3351 quibus
962 3287 1014 3328 res
1036 3270 1162 3350 publica
1183 3273 1299 3334 violata

1200 3359 1298 3438 esset,

285 3503 412 3578 περὶτοῦ
436 3495 764 3590 penatespenates,
790 3495 888 3560 ταύτας
912 3493 1069 3576 increpem
1094 3497 1250 3581 τίτόλμηοειι,Ι
1268 3502 1301 3554 αλ·

284 3592 350 3639 utun
372 3592 489 3644 ασμενατ
514 3575 567 3645 μὲν
589 3593 658 3638 ησαν
680 3573 733 3638 tint
757 3571 815 3626 sein
836 3568 1004 3646 πρυτιίνεων,
1027 3588 1298 3646 κατεσφραγιομεναι

229 3647 245 3660 ”
284 3633 318 3696 δ’
374 3635 460 3696 breis
471 3639 605 3715 χορηγῶν,
617 3637 795 3710 ἐφυλάττοντο
813 3639 847 3694 δὲ
865 3639 917 3695 ὑπὸ
935 3645 992 3695 rein
1008 3643 1121 3712 ταμιῶν,
1140 3643 1240 3708 ἔκειντο
1261 3631 1293 3691 δ’

283 3711 316 3764 tn
330 3704 481 3785 ἀκροπόλει.
504 3711 532 3765 τί
559 3711 603 3764 dei
622 3705 777 3782 &erptiam
795 3713 849 3763 etc.
890 3709 987 3780 ltaque
1012 3723 1074 3764 cum
1089 3710 1204 3765 numina
1223 3707 1298 3760 arbi·

285 3787 399 3836 trorum.
417 3782 444 3834 in
476 3781 549 3833 cista
564 3780 711 3850 obsignata
726 3779 756 3830 in
781 3793 846 3830 arce
863 3774 992 3847 deposita
1007 3785 1110 3842 essent,
1130 3793 1164 3830 eo
1183 3777 1297 3830 demon·

284 3854 399 3912 stratur,
419 3850 493 3902 inter
516 3849 693 3902 sortitionem
721 3854 751 3900 et
776 3857 875 3900 munus
893 3846 1048 3900 obeundum
1068 3847 1189 3915 spatium
1209 3844 1297 3914 quod-

284 3917 349 3970 dam
372 3919 574 3979 intercessisse,
597 3931 686 3986 neque
714 3916 838 3968 dubitari
858 3921 969 3984 potest,
993 3917 1057 3985 quin
1082 3915 1192 3968 sortitio
1210 3914 1239 3965 in
1261 3919 1297 3965 ea

195 4031 196 4043 ,
284 3987 418 4056 concione
433 3987 494 4042 lieri
514 3982 599 4039 solita
617 3986 669 4049 sit,
697 3995 778 4054 quam
800 3991 899 4036 auctor
921 3983 1036 4040 alterius
1061 3982 1216 4053 argumenti
1239 3996 1296 4033 uno

282 4071 380 4122 mense
406 4063 471 4110 ante
497 4053 644 4108 sollemnia
669 4053 836 4108 celebranda
856 4051 949 4106 locum
977 4051 1109 4107 habuisse
1133 4051 1221 4104 refert
1248 4063 1296 4101 cu·

281 4122 380 4192 iusque
396 4123 602 4178 Demosthenes
619 4121 680 4192 ipse
699 4122 726 4187 ξ.
746 4119 772 4176 6.
785 4136 810 4173 τι.
827 4121 999 4174 mentionem
1021 4121 1101 4174 iacit.
1137 4121 1199 4183 Quo
1217 4131 1295 4170 acce-

281 4191 324 4245 dit
342 4194 416 4261 quod
436 4191 637 4244 Demosthenes
657 4205 716 4244 rem
735 4204 874 4258 exponens
896 4191 926 4241 in
943 4187 989 4256 ἐξ.
1006 4207 1084 4262 seqq,
1103 4189 1214 4260 alapam
1232 4191 1297 4257 post

278 4247 551 4332 'corruptosjudices
576 4259 712 4316 inflictam
728 4259 784 4314 sibi
804 4274 868 4315 esse
887 4257 963 4313 dicit.
