2864 4896
323 286 396 352 1112
519 345 522 353 ,
738 315 941 331 --·--

472 405 473 408 =
1281 407 1288 422 .
1306 369 1344 426 5⁸2.

332 422 498 532 ”ὀιινιίσειν,
522 446 598 514 οὐδὲ
614 453 667 531 τῆς
689 443 854 530 ἒκκὲορσίας,
881 445 952 512 ἀλλ’
979 446 1056 534 ἅπερ
1078 446 1147 514 τότ’
1167 367 1344 536 tedbpg't'e?
1354 461 1397 520 515

330 561 404 629 yae,
422 535 471 599 ὅτ’
493 526 529 620 ἧν
550 533 569 615 ἧ
589 531 740 618 προβολὴ,
764 533 862 598 ταῦτα
883 534 936 598 καὶ
951 533 1003 598 νῦν
1022 534 1204 624 ἐρεῖν*”’5··
1216 537 1257 612 oie
1277 537 1348 620 ὅσοι,

366 623 409 685 ὀν
436 619 559 697 ἐξιέναι,
586 620 755 703 κατέμενον,
781 618 835 681 καὶ
867 618 936 682 ὅσοι
956 617 995 682 τὰ
1014 618 1243 726 φρούριανῆσοιν
1260 623 1348 706 ἔρημα

37 647 223 844 W&
337 703 791 812 lelotndrtc,QpE⁶·
811 704 863 766 καὶ
872 705 1027 850 ίροριιισαὶ
1045 705 1098 770 καὶ
1121 705 1200 781 §evoe
1221 707 1272 774 eoi
1287 731 1348 772 τοι·
1372 769 1375 775 .

338 789 426 854 οὔτοί
444 813 517 862 τινες
540 791 635 869 ᾖσαν,
648 813 679 852 οι
699 809 869 869 κατεχειρστ
889 810 982 870 νησαν
1001 789 1109 856 αὐτοῦ.
1136 793 1175 864 εἰς
1188 791 1248 878 γὰρ
1261 793 1347 858 τοῦτο

338 873 483 959 θράσους
504 874 557 936 οιαὶ
576 871 729 940 ἀναιδείας
752 869 820 936 τότ’
840 867 1022 952 doleremus}
1044 873 1147 956 ἄνδρες
1172 875 1301 952 tremat,
1316 879 1349 952 ὡς

340 961 440 1024 ἴσασιν
460 957 694 1042 ὅσὸιισιοιρῆσαν
723 956 814 1038 ὑμῶν,
845 953 901 1031 ὥςε
922 957 1023 1030 κακῶς
1044 957 1208 1035 λέγωνκαὶ
1228 961 1350 1028 ἀπειλῶν

291 989 316 1126 i,
339 1045 391 1110 καὶ
409 1043 529 1130 βλέπων
550 1036 679 1118 οὗτος57
697 1041 747 1124 ἱεἰς
767 1039 820 1108 τὸν
838 1042 897 1138 Q
908 1041 1106 1128 θορυβοῦντα
1125 1041 1222 1118 τόπον
1239 1047 1292 1124 τῆς
1309 1049 1351 1112 dx·

797 1155 986 1250 me
1187 1205 1191 1216 ·
1286 1132 1351 1216 ut,-

340 1339 481 1404 attineret,
508 1339 608 1394 sedin
635 1339 803 1394 universum.
857 1337 1046 1402 Quamobrem
1075 1339 1160 1394 lectio
1183 1305 1262 1396 codd.
1289 1343 1351 1410 Aug.

340 1409 402 1464 Par.
423 1409 463 1462 kr
479 1410 591 1464 τοσσΐπο
609 1405 740 1483 διήμαρτε
754 1406 821 1461 mihi
840 1425 895 1462 non
913 1409 1069 1477 probatur]

413 1500 497 1570 [1551)
536 1499 584 1553 Sic
607 1501 675 1556 Ven.
704 1501 822 1570 Taylo'ri
843 1503 958 1573 Barocc.
983 1502 1053 1570 Aug.
1071 1501 1131 1554 Par.
1151 1478 1285 1554 trrfMer.
1304 1496 1352 1572 ι’ρεῒ

340 1587 375 1626 ex
396 1576 504 1623 auctor.
528 1569 667 1638 aliorum]
696 1575 702 1588 ¹
815 1581 817 1590 ε
1001 1593 1003 1599 .

410 1659 445 1715 56
476 1651 531 1716 'Sic
551 1660 699 1716 emendate
725 1659 806 1714 codd.
830 1659 917 1716 Paris,
937 1667 964 1713 Σ
981 1667 1052 1725 ets,
1076 1676 1139 1714 eum
1154 1660 1199 1720 iis
1222 1675 1291 1729 quos
1314 1675 1351 1714 se·

340 1737 406 1786 outa
434 1729 556 1784 est1Ed.
586 1731 686 1792 Paris,
711 1735 740 1783 et
757 1729 879 1796 tortasse
901 1729 986 1784 etiam
1011 1729 1079 1782 cod.
1105 1729 1174 1780 Bar.
1205 1745 1288 1798 quem
1312 1728 1352 1780 hic

340 1801 406 1854 silet
428 1800 556 1852 Reiskius
581 1801 628 1868 qui
650 1796 805 1862 Parisinaip
831 1804 924 1852 tamen
949 1799 1115 1866 scripturam
1134 1798 1269 1850 restituit.
1305 1798 1352 1850 lta·
1408 1827 1409 1840 ι

359 1883 393 1922 ue
412 1874 491 1921 recte
517 1865 624 1937 quidem
645 1865 716 1920 bunc
738 1863 829 1952 tofum
853 1873 882 1920 et
907 1867 994 1921 aliurn
1016 1864 1199 1935 Thucydidis,
1217 1866 1244 1929 8,
1263 1865 1313 1932 93.,
1329 1866 1352 1917 15

274 1991 276 1996 ,
340 1885 464 1990 21155155.
487 1951 551 1990 mea
573 1937 704 2005 ampliori
726 1935 752 2002 d.
774 1933 817 1987 86.
845 1937 912 1990 Obs.
932 1936 957 1989 5.
983 1942 1014 1988 ut
1035 1935 1161 2003 exempla
1183 1937 1292 2003 atticae
1309 1934 1353 1988 lruu

337 2002 382 2072 jub
408 2005 515 2060 formae
541 2006 709 2074 Praebentes
723 2006 833 2058 citavi:
864 2006 913 2058 sed
935 2019 1049 2058 monere
1071 2003 1207 2057 debebam
1233 2005 1268 2057 de
1286 2019 1354 2058 men·

341 2073 411 2126 dosa
437 2089 544 2144 quoque
569 2075 724 2143 scriptura,
751 2088 822 2143 quac
848 2082 956 2142 partem
986 2073 1112 2126 codicum
1140 2072 1200 2135 hic,
1232 2080 1270 2128 et.
1288 2089 1304 2126 5
1322 2071 1353 2124 ud

342 2142 538 2212 Thucydidem
565 2159 669 2205 ornnes,
694 2152 726 2195 ut
755 2143 873 2205 videtur,
901 2143 1019 2206 obsedit,
1042 2142 1257 2205 ἐξεικλιισίασαν.
1317 2141 1351 2194 11.

343 2216 373 2267 et
393 2209 524 2280 Xenoph.
548 2212 623 2266 Heli.
649 2211 675 2276 5,
694 2211 720 2274 3,
739 2210 780 2262 16.
803 2217 833 2263 et
855 2225 914 2263 var.
936 2212 1001 2264 lect.
1030 2209 1073 2262 ad
1091 2205 1208 2280 Lysiam
1235 2227 1260 2263 c.
1278 2212 1366 2281 Agor.¹

344 2295 370 2347 p.
389 2279 449 2355 166,
463 2279 506 2332 33.
544 2279 601 2342 137,
622 2279 648 2334 5.
687 2283 809 2333 conatus
835 2281 946 2350 quidem
974 2284 1035 2332 erat
1055 2279 1121 2331 olim
1144 2279 1353 2348 Schneiderpe·

342 2349 476 2402 euliarem
507 2349 595 2402 verbo
621 2344 838 2415 ἒξεκιιλησιὰζιιν..
859 2364 972 2402 sensum
999 2347 1131 2412 tribuere,
1164 2350 1212 2401 sed
1244 2347 1354 2400 mutavit

290 2442 299 2454 v
342 2419 510 2472 sententiam
532 2419 560 2470 in
585 2418 737 2476 novissima
763 2417 971 2470 Hellenicorum
1001 2415 1123 2470 editione
1149 2415 1256 2482 <te-21.)
1282 2416 1316 2469 ad
1336 2415 1353 2467 l.

343 2502 375 2550 e.,
393 2488 520 2556 quamvis
544 2485 707 2539 mendosam
731 2486 770 2540 ibi
791 2503 841 2555 per
867 2505 900 2539 ια
923 2487 1087 2554 scripturam
1109 2487 1251 2554 corrigere
1269 2486 1354 2552 negle-

341 2557 424 2609 xerit.
462 2556 646 2608 Memorabile
665 2561 769 2620 autem,
786 2557 815 2608 in
836 2557 1024 2609 Oeconomico
1045 2557 1157 2608 Aristot.
1176 2554 1201 2615 1,
1224 2555 1265 2607 13.
1287 2552 1353 2620 (tt.)

342 2625 521 2693 participium
548 2639 658 2692 quoque
685 2625 744 2693 legi
769 2620 970 2689 ἰξειιιιλησιάσας
994 2639 1113 2684 sensus
1127 2622 1354 2691 simplici-forma

342 2709 398 2746 non
428 2694 554 2754 diverso,
581 2691 710 2760 idemque
741 2695 924 2761 compositum
953 2693 1025 2761 apud
1055 2692 1180 2759 ejusdem
1210 2691 1272 2746 lere
1296 2690 1354 2748 oevi

342 2762 422 2815 Lxx
448 2763 619 2830 interpretas
646 2762 796 2830 aliquoties
824 2762 944 2828 inveniri
972 2761 1037 2826 (vid.
1061 2762 1149 2832 intpp.
1176 2761 1211 2812 ad
1234 2759 1354 2830 Hesych.

342 2847 369 2883 v.
387 2827 594 2894 ἔξειικλησίασε).
629 2828 732 2882 Verum
758 2827 809 2882 has
832 2826 935 2882 formas
955 2845 1033 2882 mero
1057 2830 1152 2900 populi
1169 2830 1257 2882 errori
1275 2829 1354 2898 origi·

341 2913 406 2952 nem
429 2897 539 2962 debere,
560 2915 622 2950 curn
643 2899 670 2950 in
697 2899 783 2951 attico
806 2898 855 2951 illo
875 2892 1062 2962 ἐξεκκλησῖασα
1083 2898 1222 2966 duplicem
1241 2907 1352 2968 praepo·

343 2965 622 3088 sitionepinbhonrines
646 2966 700 3022 sibi
728 2968 783 3022 risi
807 2969 865 3020 sint
890 2969 994 3030 audire,
1023 2965 1115 3030 facile,
1135 2968 1241 3036 opinor,
1259 2970 1353 3038 cuique

341 3052 446 3106 persua
465 3051 480 3087 e
502 3053 526 3089 ο.
623 3067 629 3080 -

228 3189 232 3195 ¹
414 3125 451 3178 57·
483 3127 588 3180 Merito
609 3129 677 3181 viris
698 3129 787 3184 doctis
806 3129 974 3198 displicebat
989 3127 1066 3182 istud
1085 3112 1171 3192 ositos,
1188 3145 1250 3182 cum
1267 3129 1353 3199 ipsum

225 3200 230 3215 '
343 3193 398 3248 boc
422 3198 606 3250 antecesserit
629 3199 800 3266 subiectum,
827 3205 857 3250 ut
876 3200 1025 3252 iteratione
1052 3198 1223 3267 pronominis
1243 3212 1354 3268 prorsus

342 3279 398 3316 non
426 3265 564 3333 indigeret
590 3267 675 3319 locus.
721 3269 819 3336 ltaque
849 3269 979 3321 omittere
1008 3273 1134 3334 poteram
1154 3275 1265 3322 “vocem
1296 3281 1354 3318 curn

343 3333 406 3386 Par.
431 3339 457 3384 Σ
480 3342 512 3388 et
539 3333 603 3386 aliis
628 3336 708 3388 bonis
740 3337 828 3388 libris.
875 3336 929 3390 Sed
953 3335 1068 3388 multum
1097 3337 1178 3389 faveo
1205 3337 1238 3388 11.
1265 3334 1355 3388 warni

344 3397 530 3466 conjecturae,
551 3401 647 3459 otrus.-
665 3411 697 3457 ut
715 3406 776 3472 ipse
794 3404 1007 3467 Demosthenes,
1026 3407 1079 3476 quo
1097 3403 1176 3458 vultu
1196 3405 1291 3467 suerit,
1307 3403 1354 3456 Mi·

345 3469 420 3532 dias,
448 3470 695 3538 demonstraverit:
733 3472 855 3526 frontem
896 3473 1023 3536 nimirum
1058 3472 1204 3528 adducens.
1251 3471 1354 3542 [Bekk.
1405 3477 1406 3504 1

344 3537 457 3592 Schaei.
472 3539 541 3624 Mei3
558 3539 636 3603 οὗτος
650 3543 811 3594 omiserunt.
839 3540 896 3594 Sed
909 3543 950 3596 sic
970 3559 1026 3594 non
1045 3543 1210 3610 intelligitur
1221 3539 1354 3610 quomodo
1405 3515 1406 3600 i

342 3607 489 3674 irrepserit
506 3625 591 3672 ουτοι,
614 3611 687 3679 quod
715 3611 882 3679 intelligitur
902 3611 1036 3680 adoptata
1058 3611 1178 3679 Taylori
1198 3612 1356 3678 conjectura
1405 3631 1406 3670 ι

343 3673 413 3727 οὕτω
440 3682 505 3729 aute
532 3676 708 3743 καταπλήξειν
726 3681 864 3748 ponentis.
908 3683 1023 3748 Appono
1048 3678 1119 3731 hoec
1140 3680 1176 3730 ab
1205 3679 1302 3732 eodem
1324 3673 1355 3728 ad

343 3741 368 3808 ς.
387 3743 429 3794 11.
448 3759 473 3797 a.
494 3746 580 3799 allata
601 3748 736 3814 exempla,
758 3749 821 3800 aliis
841 3746 962 3820 omissis.
981 3747 1108 3815 Xenopb.
1123 3751 1224 3816 Cyrop.
1237 3749 1277 3817 ll.
1299 3745 1356 3799 init.

341 3809 626 3884 προσευξάμενοι
648 3817 726 3873 θεοῖς
749 3816 795 3868 καὶ
818 3815 922 3887 ἥρωσιν
943 3815 1018 3872 ἵλεως
1036 3816 1083 3868 καὶ
1104 3807 1223 3886 εὐμενεῖς
1241 3813 1357 3888 πέμπειν

341 3877 421 3947 σφᾶς,
443 3879 532 3934 οὕτω
560 3880 701 3952 διέβαινον
724 3885 758 3938 τὰ
778 3883 848 3954 ὅρια.
884 3886 964 3938 Dem·
997 3886 1031 3937 do
1064 3887 1127 3940 Cor.
1158 3883 1220 3947 oti,
1241 3884 1285 3936 13.
1314 3880 1357 3936 καὶ

228 3979 244 4002 ,·
279 4001 282 4009 ,
341 3949 541 4020 παρασχών
559 3951 653 4008 ἑαυτὸν
673 3955 733 4005 ἴσον
756 3953 802 4004 καὶ
822 3955 915 4005 κοινὸν
934 3949 1099 4024 ἀμφοτέροις
1115 3945 1253 4023 ἀκροατὴν,
1267 3949 1356 4004 οὕτω

340 4015 389 4079 τὴν
407 4011 562 4088 διάγνωσιν
575 4016 713 4085 ποιήσεται
725 4021 786 4092 περὶ
806 4017 923 4074 πάντων.
943 4021 1105 4076 01851115.
1127 4021 1174 4074 Gr.
1185 4021 1234 4074 Gr.
1256 4021 1283 4084 §.
1298 4017 1355 4071 111.
1404 4051 1405 4102 t

228 4117 233 4124 ·
339 4091 398 4206 ppt.
414 4083 442 4208 3
464 4085 546 4222 lV]irg.
573 4090 637 4142 len.
660 4091 680 4152 Ι,
699 4087 761 4141 115.
790 4089 946 4159 despiciens
972 4119 1004 4128 -
1028 4090 1069 4143 eie
1086 4091 1223 4154 constitit,
1240 4090 1289 4152 ubi
1308 4088 1352 4140 vd.

376 4169 412 4206 uu
433 4171 484 4208 er.
