2888 4890
534 269 733 318 ··.······;···
1051 241 1139 306 ’41

123 321 439 484 Μάσσαμος
460 405 604 505 πηνα
648 381 772 484 νο1161
799 397 882 485 ειμι
908 399 1143 486 ποταμίων
1156 426 1183 466 0·

125 490 143 554 ὁ
166 489 223 554 τοῦ
247 488 322 562 Διὸς
340 491 479 570 σημαίνει.
502 487 550 550 ὁτι
567 487 622 562 τάς
646 486 729 572 ὧρας
742 489 946 574 παρηνέγκατε
965 487 1019 570 τῆς
1031 496 1143 567 θυσίας
1195 525 1201 534 ·

54 653 56 656 ¹
122 575 177 640 καί
203 573 256 657 τῆς
283 576 431 658 θεωρίας,
457 569 596 656 αἱρετοὺς
624 574 748 652 πέμπειν
772 568 877 636 κελεύει
897 570 1035 658 θεωροὺς
1057 579 1142 642 ἕνεκα

122 657 247 739 τούτου,
265 658 337 732 τοὺς
360 656 394 722 δὲ
411 655 537 734 άπάχειν
555 662 601 739 τῷ
621 657 672 720 Διί
692 652 735 740 τῷ
757 657 788 720 ἐν
802 655 939 742 Τομάρῳ
961 668 1039 744 τρεῖς
1059 663 1141 746 βοῦς,

122 747 177 810 καὶ
196 739 273 830 πρὸς
292 742 391 824 ἐνάτῳ
414 741 468 805 δύο
492 737 547 816 οἷς.
583 740 621 824 τῆ
650 740 684 804 δὲ
702 739 802 824 Διώνη
823 739 901 823 βοῦν
923 741 977 806 καὶ
1000 743 1079 808 ἀλλα
1094 747 1142 810 λε·
1183 811 1185 816 ,

123 839 202 915 ρεῖα,
222 829 274 892 καί
292 825 445 912 τράπεζαν
464 810 673 908 poinde-‘sui
691 811 833 912 npdc,‘rd
856 824 1009 912 ἀνάθημα,
1032 827 1052 894 ὃ
1070 825 1141 916 virgi-
1170 883 1171 890 ,

121 923 217 997 θηκεν
239 911 257 976 ὃ
277 910 369 993 δῆμος
393 912 606 992 attenuatus.
759 943 771 970 ι
923 927 925 933 ·

102 1045 104 1052 ,
205 996 239 1060 Ὁ
259 997 316 1061 τοῦ
338 997 411 1072 Διὸς
432 999 564 1080 σημαίνει
582 997 615 1081 ⁶3
646 995 678 1060 ἐν
695 992 841 1091 Δωδώνη.
883 994 1023 1084 Δηονιίσῳ
1046 997 1170 1082 ‹inpio-f,

121 1080 193 1166 τελῆ
209 1080 276 1170 ἱερὰ
294 1081 385 1147 τελεῖν
402 1081 448 1162 ⁶³,
475 1081 528 1145 καί
552 1079 690 1168 ’κρατῆρα
711 1077 854 1168 κεράσαι)
876 1082 928 1148 καί
945 1085 1052 1170 χοροὺς
1075 1085 1144 1158 λςά-

121 1287 219 1354 ponat‚
247 1283 392 1340 observem
418 1299 471 1352 ego
496 1279 626 1352 proprios
648 1279 688 1332 ibi
713 1294 764 1348 per
788 1285 907 1334 metrum
935 1290 965 1336 et
983 1293 1141 1341 sermonem'

125 1355 262 1405 comicum
289 1357 454 1422 usurpatum
485 1367 548 1404 esse
576 1351 638 1401 loco
668 1351 840 1416 pronominis
866 1349 931 1415 aiii,
959 1369 1013 1422 quo
1045 1371 1141 1411 carere

123 1419 210 1474 dictio
231 1437 287 1474 non
314 1429 433 1492 poterat.
458 1448 493 1460 —
530 1419 599 1471 Mox
621 1418 824 1470 nominativum
846 1411 1001 1488 ἀνίσχοντες
1025 1432 1139 1491 praeter

121 1505 181 1558 repr
203 1490 232 1542 in
257 1491 446 1544 accusativum
466 1492 609 1541 mutarunt
633 1486 772 1538 nonnulli:
798 1485 856 1540 vid.
882 1488 1005 1543 Gramm.
1028 1493 1054 1556 §.
1078 1493 1137 1552 129.
1239 1507 1243 1514 ·

17 1581 19 1589 ·
122 1559 183 1614 obs.
202 1555 227 1609 4,
252 1556 438 1626 [§.1i·i.obs.
461 1557 489 1610 5.
509 1557 552 1610 ed.
565 1549 654 1621 XV.]:
672 1570 735 1606 nam
753 1555 782 1606 in
803 1555 917 1608 oraculo
935 1559 1002 1612 Λᾶν.
1021 1560 1141 1617 Macart.

124 1629 161 1680 ob
181 1626 351 1695 praecedens
371 1629 412 1680 ibi
426 1621 561 1698 συμφέρει
579 1624 769 1676 nominativus
786 1624 878 1677 locum
897 1643 952 1678 non
970 1627 1097 1682 habebat
1110 1632 1140 1684 in

121 1695 245 1749 formula
267 1695 377 1748 eadem:
399 1697 474 1750 θεοῖς
492 1685 633 1762 ὀλυμπίοις
651 1689 784 1756 πάντεσσι
806 1693 853 1758 καὶ
868 1689 970 1763 πάσαις
987 1697 1079 1760 δεξιοῖς
1093 1699 1140 1752 καῖ
1213 1727 1218 1746 ι

122 1759 249 1836 άριςεράς
268 1757 430 1833 ἀνίσχοντας
448 1759 638 1834 μνασιδωρεῖν
655 1759 741 1812 καττά
756 1761 870 1832 πατρρῖα
895 1765 966 1832 (leg.
990 1761 1091 1837 πάτρια
1108 1775 1140 1822 ut
1209 1786 1214 1800 ι

122 1835 151 1886 in
169 1833 353 1901 praecedente
377 1834 419 1884 ibi
436 1829 590 1895 membro):
619 1843 690 1895 quae
709 1830 822 1898 integra
839 1829 885 1883 hic
903 1833 984 1900 posui
1005 1840 1036 1887 ut
1055 1851 1139 1906 appa·

122 1910 199 1954 reret
216 1902 281 1968 jure
307 1917 351 1954 me
377 1901 495 1968 ejecisse
517 1899 546 1950 in
574 1905 670 1950 nostro
697 1897 761 1950 loco
785 1899 833 1951 καί
854 1906 919 1952 ante
942 1903 1140 1974 μνασιδωρεῖν,
1201 1961 1205 1970 ,

124 1985 180 2040 quo
209 1975 322 2022 servato
349 1971 527 2038 participium
553 1956 710 2034 ἀνίσχοντες
734 1965 853 2020 absurde
877 1969 1051 2024 referendum
1076 1983 1140 2026 erat

124 2037 161 2090 ad
190 2039 336 2106 superiora
357 2031 456 2110 χοροὺς
479 2029 576 2105 ῖςάμεν
603 2033 650 2086 καί
674 2039 879 2106 ςεηανημορεῖν.
910 2037 1035 2104 [Bekker
1052 2043 1139 2094 verba
1229 2057 1234 2064 ’

123 2107 249 2174 disponit
274 2106 329 2158 hoc
355 2107 453 2163 modo:
484 2131 518 2142 -
540 2101 587 2157 καί
601 2101 706 2172 χοροάς,
729 2103 776 2154 καί
801 2111 998 2178 ςεφανηφορεῖν
1022 2109 1091 2164 κατά
1106 2110 1141 2164 τά

121 2171 225 2248 πάτρια
248 2175 325 2231 θεοῖς
344 2167 496 2246 Ὀλυμπίοις
515 2187 545 2224 π.
561 2188 586 2224 τι.
604 2168 712 2236 πάσαις,
739 2171 812 2228 ἰδίας
831 2171 859 2226 δ.
877 2191 902 2228 τι.
922 2191 949 2227 α.
975 2167 1140 2248 ἀνίσχοντες,

95 2259 99 2264 ’
121 2244 169 2304 καί
187 2241 398 2316 μνασιδωρεῖν]
470 2245 478 2261 “
883 2255 885 2259 ”

194 2335 243 2388 161
283 2337 327 2392 De
342 2337 493 2390 Dodonaeo
514 2334 567 2387 hoc
589 2334 710 2398 oraculo,
726 2333 755 2386 in
771 2350 824 2404 quo
844 2337 1037 2391 constituendo
1056 2341 1140 2394 auda·

125 2405 217 2458 ciores
237 2406 349 2470 fuimus,
366 2407 431 2458 vide
445 2405 559 2456 Excurs.
571 2404 618 2456 iii.
647 2405 702 2456 iiic
720 2409 827 2456 tantum
849 2421 993 2460 monemus
1011 2409 1140 2476 primum,
1204 2461 1207 2472 χ

122 2475 172 2526 τὸν
188 2473 239 2527 τοῦ
254 2475 320 2536 Διὸς
336 2491 398 2526 esse
423 2475 578 2526 antistitem
601 2473 698 2539 tempii
718 2471 865 2526 Dodonaei
881 2478 929 2543 qui
946 2477 1047 2529 eximie
1066 2477 1139 2530 dics-

122 2543 209 2594 hatuv
230 2538 395 2614 ὁπροφῆτης
418 2540 612 2608 (vid.«·Vaicir.
642 2542 677 2593 ad
701 2541 804 2594 Herod.
827 2542 931 2608 2111.
958 2551 986 2595 et
1005 2545 1041 2596 ci.
1063 2543 1136 2598 Plat.

106 2606 211 2666 'sicin
234 2611 266 2664 ii.
291 2627 319 2680 p.
340 2611 400 2663 149.
423 2612 450 2666 b.
478 2611 512 2663 de
538 2607 677 2679 propheta
700 2609 868 2676 Ammonio:
893 2617 950 2662 tum
970 2611 1057 2666 hocce
1077 2629 1140 2666 ora-

123 2680 216 2734 culum
240 2678 305 2732 hinc
328 2695 443 2748 prorsus
468 2679 589 2732 alienum
608 2694 679 2731 esse.
711 2677 789 2730 Nihil
808 2681 881 2731 enim
898 2695 996 2733 eorum
1016 2684 1141 2736 continet
1205 2691 1213 2706 “

123 2763 195 2818 quae
222 2764 307 2816 supra
331 2750 504 2802 indicaverat
531 2745 747 2800 Demosthenes}
785 2749 821 2800 Ut
837 2747 985 2802 videantur
1004 2752 1142 2819 antiquio-

122 2832 170 2884 res
194 2819 291 2870 nescio
317 2821 365 2886 qui
391 2813 660 2870 litterati'homines
686 2816 845 2884 appinxisse
872 2815 919 2869 hic
948 2819 1077 2887 quicquid
1105 2821 1149 2873 ad'

122 2901 223 2938 manus
242 2891 317 2938 esset
335 2885 472 2954 ejusmodi
488 2899 693 2952 responsorum.
731 2885 774 2938 De
791 2883 885 2938 Dione
907 2901 934 2938 v.
954 2887 1023 2944 Exc.
1043 2887 1091 2944 lV.
1161 2947 1169 2968 Ι

103 2994 106 3005 ’
194 2977 229 3032 θλ
269 2978 371 3046 Vulgo,
390 2985 419 3032 ei
437 2979 467 3030 in
484 2977 564 3030 libris
582 2983 691 3030 tantum
710 2992 767 3030 non
786 2977 913 3034 omnibus
935 2971 1062 3048 σήμαινί
1094 2997 1141 3034 ve-

123 3063 186 3100 rum
210 3047 337 3100 dedimus
363 3063 398 3100 ex
421 3047 533 3100 oraculo
556 3048 695 3116 superiori
719 3052 748 3098 et
776 3061 792 3100 e
821 3048 948 3116 uestigiis
975 3050 1141 3118 quibusdam

105 3115 215 3168 ¹dubiis
233 3115 261 3168 in
280 3133 347 3168 mss.
382 3115 556 3186 Vidiieisk.
889 3159 891 3164 .
1214 3117 1221 3124 '

117 3222 119 3231 ’
193 3207 228 3261 63
265 3207 356 3276 Vulgo
381 3207 486 3277 legitur
506 3201 629 3278 Διονάσιμ
656 3206 796 3276 δημοτελεῖ
818 3206 916 3278 ίεριῖον
943 3201 1044 3261 τέλειον
1078 3226 1141 3263 cum

124 3277 187 3330 sola
211 3277 347 3330 varietate
367 3276 536 3346 δημοτελεῖνι
565 3277 614 3329 sed
642 3278 757 3329 verbum
777 3275 831 3328 hoc
849 3276 929 3330 nihili
947 3293 1010 3332 esse
1028 3284 1057 3331 et
1077 3295 1141 3332 nus-

126 3361 210 3414 quam
228 3346 298 3397 aiias
325 3359 471 3400 occurrere
493 3361 542 3413 pro
563 3353 639 3400 certo
658 3361 731 3396 nunc
753 3343 864 3398 tradere
882 3347 986 3398 ausim:
1006 3363 1094 3416 neque
1112 3350 1142 3399 in

100 3411 216 3466 ‘'lexica
242 3415 374 3482 migravit
395 3415 463 3468 illud
484 3415 538 3476 nisi
564 3431 579 3467 e
605 3413 752 3468 Thesauro
778 3414 914 3482 Stephani
939 3415 987 3483 qui
1013 3424 1141 3468 nostrum

125 3484 219 3536 locum
238 3483 329 3548 solum
349 3484 462 3538 excitat.
501 3477 633 3536 Διόνυσον
653 3481 785 3551 δημοτελῆ
804 3484 1000 3540 multominus
1019 3500 1141 3550 agnove·
1197 3505 1201 3510 ”

126 3555 164 3604 rit
182 3553 340 3620 quisquam:
364 3567 406 3616 ac,
432 3553 458 3604 si
480 3551 564 3614 velit,
592 3551 743 3604 dictionem
761 3567 815 3604 non
835 3553 974 3620 expediat,
994 3553 1141 3606 deficiente

125 3622 213 3673 verbo
236 3617 272 3672 ad
296 3635 394 3672 vocem
414 3617 516 3692 ἱερεῖον,
540 3621 684 3673 durissime
705 3626 770 3673 ante
796 3621 847 3673 iila
865 3616 977 3690 κεράσαι
994 3629 1023 3674 et
1041 3619 1144 3675 θῦσαι..

125 3689 244 3742 Mutatio
271 3689 364 3758 itaque
394 3687 634 3741 terminationibus
664 3690 777 3757 reposui
805 3689 938 3772 δημοτελῆ
963 3685 1021 3764 lepti
1047 3691 1141 3744 τελεῖν.

126 3757 252 3827 Hesych.
273 3755 406 3830 δημοτελῆ
427 3757 493 3827 ῖερά,
509 3757 546 3812 είς
562 3753 582 3808 ἃ
599 3752 713 3829 θάμιατα
729 3757 851 3810 δίδωσιν
868 3757 988 3822 ἡπολις·
1008 3757 1144 3826 δημοτικά

129 3825 160 3878 δὲ
184 3822 257 3881 είςά
277 3828 303 3878 οῖ
328 3827 424 3897 δῆμοιι
453 3825 487 3877 αδ
513 3841 593 3894 quem
619 3826 714 3891 1.νί(1,
740 3823 848 3880 Ruhnk.
873 3827 903 3878 in
929 3827 1050 3894 Append.
1093 3827 1142 3879 Sic

129 3900 157 3948 ct
180 3895 271 3965 ἑορτὴν
295 3895 329 3960 δη
353 3893 427 3960 οτελῆ
448 3894 538 3947 habes
564 3893 636 3962 apud
657 3893 744 3948 Thuc.
763 3894 789 3958 2,
811 3895 861 3958 15.,
888 3897 988 3957 θυσίην
1013 3895 1146 3966 δημοτελῆ

130 3978 174 4030 ap.
197 3963 306 4015 Herod.
322 3915 351 4028 d:
367 3963 439 4016 57·:-
455 3963 606 4016 dictionem
631 3969 725 4016 autem
748 3961 809 4036 ῖεροῖ
832 3962 918 4017 τελεῖν
936 3962 992 4014 vid.
1010 3979 1065 4032 ¹ap.
1087 3964 1143 4028 Xe:

130 4025 343 4098 noph.'i,aced,
371 4031 413 4097 13,
432 4031 457 4084 5.
481 4031 566 4084 ⁴iilia
589 4033 667 4084 dabit
690 4032 849 4084 Boeckhius
877 4032 911 4082 de
939 4031 1041 4084 Oecon.
1065 4028 1143 4101 publ.

131 4099 226 4164 Athen,
250 4099 274 4154 1.
292 4117 318 4170 p.
337 4099 398 4154 228.
427 4106 486 4156 not.
512 4102 560 4168 qui
582 4115 662 4158 meae
686 4101 790 4155 rationi
818 4099 942 4164 accedit,
976 4101 1062 4156 etiam
1087 4098 1147 4170 ῖερά
