2780 4888
443 254 698 348 ·---'---
815 390 817 396 s
1042 303 1102 368 153

48 487 107 524 non
125 471 215 536 sit”3
241 480 346 540 atque
366 471 407 523 ita
425 472 455 522 iii
473 463 525 522 li'a'c
550 479 617 522 tane
634 469 765 538 loquendi
790 469 881 522 t'orma
907 469 976 522 duee
1003 487 1102 526 revera
1137 525 1142 542 x

46 543 146 610 justae
166 542 367 608 negationes
385 541 482 608 vigent
497 539 530 600 iii⁵
545 538 594 590 iilo
611 537 648 609 pil
666 531 706 591 od.
741 537 845 601 Quales
863 538 944 592 unius
963 527 1099 595 formulae

49 609 287 662 diversissimas
321 625 337 664 e
357 605 474 660 diversis
498 607 640 660 aetatibus
659 607 799 660 derivatas
816 606 1032 677 significationes
1049 610 1100 662 iiii·

51 693 127 746 giiee
145 693 269 731 omnes
291 677 435 746 praebent
451 675 570 741 abunde·
644 741 649 760 Ι
1093 685 1097 694 ’

423 905 661 974 excursus
700 875 773 970 xii.

252 1063 330 1128 De
346 1062 583 1149 particula
602 1059 641 1124 δέ
663 1062 711 1126 in
732 1063 926 1146 upodoii‘.

127 1272 211 1323 Cum
237 1269 275 1326 in
298 1269 442 1342 Spaldingi
463 1270 522 1338 jani
545 1267 624 1336 hujus
641 1267 783 1320 ¹orationis
803 1267 926 1322 editione
952 1269 1007 1324 loci
1024 1272 1099 1344 illius

56 1338 82 1402 ᾖ.
104 1336 142 1389 27
180 1339 439 1407 opportunitatem
460 1339 623 1406 arripuerim
643 1336 686 1388 dis
707 1335 802 1388 utendi
822 1335 969 1390 deformis
995 1356 1098 1394 sermo·

56 1407 101 1458 nis
120 1407 174 1470 iis,
197 1409 233 1459 in
256 1409 363 1477 quibus
382 1404 416 1460 δέ
433 1407 568 1484 particula
584 1405 612 1458 iii
630 1419 664 1474 ap
703 1403 920 1487 nsi'comparet:
940 1423 1016 1466 nunu
1031 1425 1098 1478 quo-

60 1475 1098 1612 triremitill„lliltlrzlm‘ilrlbllll'litlltfi‘lllt
1142 1558 1144 1568 ·

60 1626 150 1678 quain
184 1611 245 1664 alii
275 1615 363 1666 etiam
389 1613 441 1665 riri
462 1610 535 1664 docti
552 1611 638 1664 variis
655 1611 724 1663 locis
744 1620 804 1662 eam
824 1611 987 1679 attigerunt,
1006 1627 1097 1666 exem·

63 1679 251 1750 piorumque
280 1683 392 1750 copiam
413 1679 591 1751 adauxerunt.
637 1677 659 1728 E
681 1679 780 1747 quibus
802 1677 927 1749 Werscr,
952 1679 996 1750 qui
1019 1697 1102 1750 quae·

64 1747 197 1800 itionem
221 1749 302 1802 lianc
324 1751 360 1802 ab
381 1750 456 1802 omni
478 1755 555 1815 parte
581 1763 618 1816 ag
638 1762 731 1800 ressiis
756 1747 850 1801 estin
877 1749 957 1801 0bss.
982 1749 1040 1802 suis
1063 1751 1099 1802 ad
1187 1789 1190 1806 ‚

64 1815 273 1881 Herodotum,
299 1817 362 1872 Aee.
390 1815 498 1872 Monac.
526 1818 545 1868 l.
567 1833 594 1884 p.
618 1762 661 1868 gii.
678 1833 737 1885 sqq.
760 1832 822 1870 cum
845 1818 997 1886 praecipua
1017 1818 1100 1871 leude

27 1890 41 1900 ²
68 1883 139 1936 mibi
162 1886 363 1939 nominandus
381 1892 432 1939 est.
471 1884 615 1952 Ejusmodi
635 1890 729 1936 nutem
748 1885 940 1938 tractationem
962 1886 1022 1954 jam
1045 1903 1101 1940 non

68 1953 201 2021 amplius
230 1954 316 2008 decet
337 1956 411 2006 intra
433 1955 519 2006 solius
539 1952 678 2005 Atticismi
700 1954 770 2004 fines
787 1953 967 2020 cumpellere3
996 1955 1045 2008 sed
1065 1954 1099 2007 ad

67 2020 174 2141 idonum
199 2024 295 2077 etiam
311 2029 340 2076 et
357 2023 504 2090 Epicurum
523 2038 602 2074 usum
621 2025 752 2090 tanquam
768 2017 803 2072 ed
820 2021 925 2075 iontem
942 2025 1100 2092 regredien-

91 2107 139 2142 um
161 2093 221 2145 est.
696 2109 699 2114 ·

146 2183 170 2234 l.
215 2181 276 2238 Sed
300 2181 395 2251 paucis
423 2182 507 2234 etiam
527 2185 637 2252 oportet
657 2195 814 2248 exponere,
838 2181 902 2250 quid
923 2185 1098 2250 potissimum

76 2250 124 2313 sit,
139 2265 194 2304 cur
219 2251 270 2305 hic
291 2267 356 2304 usus
382 2259 514 2320 tanquam
538 2265 555 2300 a
577 2249 699 2302 naturali
725 2250 772 2301 via
792 2249 940 2303 deflectens
960 2253 1100 2306 illustrari·
1144 2279 1153 2293 =

78 2319 130 2372 diis
146 2321 293 2374 videatur.
328 2319 462 2373 Nimirum
481 2319 510 2370 in
529 2317 648 2386 simplici
667 2319 821 2370 orationem
842 2319 1022 2382 connectendi
1039 2321 1100 2374 for«

79 2399 134 2451 ma,
151 2389 272 2458 quoties
289 2388 359 2440 duae
380 2387 583 2458 propositiones
604 2387 633 2438 in
649 2386 743 2454 aliqua
759 2386 895 2440 relatione
914 2397 1015 2452 essent,
1031 2390 1100 2443 illud

79 2457 304 2522 pronominibus
319 2463 424 2509 tautum
449 2461 478 2509 et
504 2453 643 2507 adverbiis
668 2453 851 2520 indicabatur,
869 2449 939 2524 quae
955 2460 1100 2526 particulis
1202 2508 1203 2516 ,

82 2518 441 2592 quibusdam'copuiatiris
462 2523 507 2576 vel
532 2519 728 2584 continuatiris
750 2523 794 2576 vel
814 2523 899 2577 etiam
919 2526 1101 2579 adversativis
1124 2585 1129 2594 ⁴

83 2595 334 2648 connectebantur.
383 2595 477 2662 ltaque
508 2591 648 2644 sententia
674 2607 700 2647 e.
725 2607 753 2662 g.
780 2607 910 2646 versuum
936 2593 964 2646 ll.
992 2594 1019 2656 δ,
1040 2593 1100 2650 aab.

83 2656 143 2713 bii.
163 2663 210 2716 ita
231 2663 291 2716 iere
316 2661 454 2714 enuntiari
481 2666 600 2728 poterat,
625 2675 694 2714 rone
715 2658 804 2733 τόφρα
820 2661 863 2714 bis
883 2663 1100 2716 demonstrativo
1162 2661 1166 2676 ’

86 2743 172 2783 sensu
204 2735 334 2798 accepta:
358 2724 446 2802 τόφρα
471 2728 524 2800 μὲν
547 2715 623 2782 οὗτοι
647 2721 835 2799 ἀμφεπένοντο
851 2727 996 2791 Μενέλαον,
1012 2726 1101 2800 τόφρα

85 2794 118 2848 δὲ
147 2801 242 2874 Τρῶες
274 2798 398 2864 ἐπῆλθον.
443 2798 474 2850 ln
503 2797 585 2864 liujus
610 2803 702 2850 autem
729 2797 837 2850 formae
856 2798 947 2852 locum
964 2801 1101 2852 successit

88 2879 154 2919 mox
173 2869 241 2931 alia,
262 2883 314 2934 qua
339 2867 417 2936 ipsae
444 2866 508 2920 illae
533 2866 766 2919 demonstrativae
787 2881 870 2918 voces
895 2883 946 2934 per
962 2865 1100 2935 hunepe-

88 2931 175 2988 situm
199 2951 298 2996 suum,
323 2935 483 3004 plerumque
509 2935 596 2988 etiam·
614 2949 665 3002 per
690 2934 810 3002 aliquam
833 2936 862 2986 iii
882 2935 1026 2988 elementis
1043 2938 1101 2989 suis

88 3002 163 3056 inter
192 3021 224 3058 se
257 3001 439 3056 differentiam
468 3001 515 3070 (el,
544 3003 587 3056 τοί
593 3021 602 3054 .·
632 3001 709 3070 ὄφρα,
731 2998 820 3071 τόφρα
843 2987 920 3066 etei,
938 3004 1101 3068 relationem

92 3084 163 3136 quae
193 3075 269 3126 inter
295 3072 364 3124 duas
393 3072 456 3125 illas
481 3071 683 3140 propositiones
710 3076 813 3152 essept,
833 3072 1040 3138 exprimebant:
1073 3079 1103 3126 et

90 3137 117 3189 iii
135 3140 266 3212 exemplo
285 3139 394 3210 quidem
413 3141 560 3208 proposito
580 3141 637 3191 ita:
664 3137 735 3207 ὄφρα
753 3156 831 3190 evici
844 3133 1031 3208 ἀμφεπένοντο
1049 3149 1103 3194 Me-

89 3203 194 3270 νέλαον,
221 3203 310 3276 τόφρα
336 3209 423 3280 Τρῶες
454 3209 583 3272 tuition.-
615 3207 645 3258 in
678 3206 753 3277 quali
766 3207 901 3274 junctura
918 3223 1013 3261 carere
1030 3225 1103 3261 nunc
1163 3254 1166 3261 .

92 3281 208 3340 poterat
225 3293 318 3330 sermo
336 3277 392 3330 illis
410 3273 463 3346 μέν
478 3282 508 3328 et
527 3271 568 3327 δέ.
611 3274 664 3327 Sed
689 3289 750 3326 cum
768 3275 879 3328 nonnisi
895 3277 998 3330 sensim
1018 3279 1103 3331 artili·
1130 3316 1133 3333 .

38 3378 40 3387 .
92 3343 199 3399 ciosum
219 3343 290 3398 hanc
309 3342 489 3398 connectendi
513 3345 649 3395 rationem
673 3343 833 3412 adoptarint
848 3343 976 3413 linguae3
999 3345 1102 3398 iactum

93 3418 136 3466 cst
153 3421 183 3466 nt
205 3429 261 3466 non
280 3415 374 3467 statim
399 3418 500 3476 tamen,
519 3419 549 3464 et
567 3417 711 3480 'nunquam
729 3409 840 3463 omnino
861 3413 1056 3466 desuescerent
1070 3413 1102 3464 il·
1187 3419 1189 3433 ¹
1230 3399 1233 3406 ¹

94 3478 128 3532 lis
145 3479 200 3553 μέν
218 3489 246 3535 et
261 3481 308 3548 0⁸43
333 3483 382 3535 sed
403 3481 558 3534 insererent
581 3495 629 3533 eas
655 3479 701 3532 hic
721 3481 807 3532 'etiam
833 3495 884 3548 pei·
904 3480 1102 3548 pleonasmum,

96 3551 143 3616 qni
164 3550 245 3604 nobis
273 3548 354 3602 hodie
382 3547 585 3602 anacolutliiae'
605 3549 725 3617 speciem
757 3547 849 3600 offert.
899 3549 998 3622 incipit
1024 3551 1102 3601 enim

97 3620 186 3672 oratio
206 3635 256 3688 per
274 3618 353 3690 dupe,
376 3633 447 3686 quae
468 3616 695 3670 rox'relati'oiiem
711 3633 783 3670 nunc
802 3619 961 3682 annuntiat;
986 3631 1101 3684 sequun-
1126 3661 1127 3668 ,

99 3689 144 3737 tur
161 3683 215 3768 μέγ
235 3685 331 3768 οειδὲζ
348 3687 393 3738 rel
419 3681 451 3768 dc'
473 3685 562 3738 solum
583 3686 678 3747 etiam,
694 3700 767 3805 puae
785 3685 949 3754 particulae,
969 3699 1034 3768 eum·
1052 3685 1103 3736 ali·
1123 3707 1135 3722 ν

100 3768 153 3822 qua
178 3756 347 3808 diversitatis
375 3761 497 3817 notione,
523 3755 658 3820 coliciani.
708 3759 791 3822 taque
809 3769 880 3806 nune
897 3753 960 3805 loco
978 3753 1101 3806 indicato
1173 3777 1177 3788 i

100 3821 320 3892 mmmm:
1132 3821 1134 3828 ’

243 3912 329 3984 ”Oppii
339 3892 422 3967 'solii
445 3910 593 3981 peninum
610 3909 673 3978 βοὴν
696 3903 806 3981 dyadis
821 3899 966 3976 Mordiaion,

256 3978 350 4053 Τόφρα
369 3974 398 4034 δ’
418 3933 462 4035 ἔτί
480 3975 584 4053 Τρώων
600 3981 671 4049 gipsi
688 3977 789 4044 ἤλυθον
805 3971 954 4040 denserier.

105 4082 183 4147 plane
207 4091 239 4136 ut
260 4084 287 4135 in
314 4082 543 4202 aliisap'unctnrae
568 4081 681 4143 formis,
706 4079 854 4145 seeundum
878 4095 967 4134 meam
994 4081 1105 4150 quidem

106 4153 250 4213 rationem,
276 4166 356 4220 quam
411 4151 445 4204 iis
471 4151 589 4204 aliorum
614 4147 734 4202 nondum
759 4154 924 4216 postponere
949 4151 1035 4218 potui,
1059 4165 1105 4202 vn·

106 4219 165 4272 ruia
189 4217 218 4274 τὲ
243 4227 351 4288 quoque
379 4217 406 4270 iii
436 4233 562 4273 sermone
586 4217 852 4286 epicopleonastice
873 4213 1041 4306 applicatio
1060 4233 1106 4270 ro·
1162 4280 1166 4288 ,
