2888 4890
297 341 319 404 8
706 367 907 384 --..-...

266 534 289 574 c.
304 505 424 590 αχέσειτ,
453 496 534 566 sitii
556 496 611 587 μιᾷ
636 497 736 592 γνώμῃ
763 495 1036 584 κατεχειροτόνησεν
1062 480 1322 570 adraim

297 615 351 674 μοι
370 585 603 672 προσιόντες,ο5
629 582 732 668 ἄνδρες
762 583 888 661 δικαςαὶ,
917 584 968 650 καὶ
988 583 1048 650 τῶν
1066 587 1097 649 ἔτ
1121 593 1168 670 τῷ
1190 588 1318 672 ,δικαςηι

273 679 354 757 ,pipi
381 674 432 737 νῦν
456 672 552 735 ὄντων
573 667 664 750 ὑμῶν,
692 669 744 734 καὶ
765 667 823 731 τῶν
844 667 947 734 ἄλλων
967 668 1111 751 πολιτῶν,
1128 671 1237 756 ἠξίουν
1266 675 1320 738 καὶ

296 755 528 845 παρεκελεύοντο
547 751 721 830 ἐπεξελθεῖν,
743 752 798 815 καὶ
817 747 1008 838 παρενδοῦναι
1027 753 1137 820 τοῦτον
1160 760 1203 832 εἰς
1225 757 1320 838 ὑμᾶς·
1406 801 1407 822 ι

298 843 339 917 ὥς
358 841 410 926 μὲν
434 839 502 921 ἐμοὶ
524 837 607 902 δοκεῖ
623 837 662 900 δι’
687 837 854 922 ἀμφότερα,
875 828 899 900 ὦ
919 836 1023 923 ἄνδρες
1040 840 1196 922 Ἀθηναῖοι
1213 843 1265 920 ²⁸,
1285 837 1320 922 νὴ
1406 843 1407 910 i

300 928 374 1002 τοὺς
394 924 498 1002 θεοὺς,
515 923 566 987 καὶ
586 919 665 985 δεινὰ
684 925 868 996 πεπονθέναι
888 924 1054 1006 νομίζοντες
1072 921 1135 1008 ἐμὲ,
1158 925 1215 990 καὶ
1235 925 1320 1010 δίκην
1406 917 1407 938 ’

302 1013 366 1094 ἅμα
389 1005 569 1122 βουλόμενοι
596 1005 711 1153 lagois,
740 1000 826 1071 civ²⁶
857 1007 908 1070 ἐπὶ
936 1008 995 1073 τῶν
1023 1007 1125 1074 ἄλλων
1149 1011 1318 1076 ἐτεθέαντο

270 1104 422 1184 2θρασυν
443 1094 518 1158 ὄντα
539 1091 591 1159 καὶ
613 1088 765 1178 βελαρὸν,
790 1091 842 1156 καὶ
854 1090 935 1178 ὀὐδὲ
954 1093 1105 1170 καθεκτὸν
1122 1093 1178 1160 ἔτι.
1226 1095 1317 1160 oica
1406 1097 1407 1142 Ῑ

299 1180 334 1246 δὲ
359 1178 480 1245 τούτων
506 1175 650 1261 ἐχόντων,
680 1177 739 1247 ὅσα
765 1172 818 1260 μὲν
841 1177 937 1240 οὐν27
968 1177 1047 1262 παρ’
1080 1179 1154 1260 ἐμοῦ
1181 1181 1319 1267 προσῆκε

300 1263 503 1352 φυλαχθῆναι,
525 1260 628 1326 πάντα
651 1259 772 1343 δικαίας
795 1259 865 1344 ὑμῖν
882 1258 1096 1348 reciperen,
1112 1263 1166 1328 καὶ
1186 1289 1322 1352 κατηγο.
1406 1283 1407 1302 ¹

777 1393 780 1398 “
1054 1391 1062 1418 d

366 1463 400 1518 25
418 1465 479 1516 llae
498 1463 729 1532 compellationes
749 1477 783 1516 rx
801 1461 884 1532 littiei
902 1461 960 1517 iori
981 1469 1082 1527 nutura
1107 1470 1173 1517 runt
1191 1472 1321 1536 repeten-

302 1535 364 1604 dae,
380 1533 428 1586 ubi
445 1533 565 1601 populus
582 1532 643 1602 ipse
657 1534 782 1600 judicum
802 1533 904 1584 muniis
923 1533 1060 1588 obeundis
1078 1534 1223 1587 libertatis
1251 1551 1321 1590 suae

300 1618 382 1657 usum
409 1601 565 1664 exercebct.
610 1601 671 1654 Non
690 1602 753 1654 loco
774 1599 948 1667 nobili'nati,
968 1617 1023 1654 non
1042 1603 1144 1654 litteris
1157 1609 1209 1656 aut
1225 1605 1321 1674 aliqua

301 1670 441 1726 srtiticiali
458 1667 677 1737 jurisprudentia
694 1670 825 1722 instructi
844 1677 924 1722 erant
945 1671 967 1722 ii
979 1671 1032 1738 ,qul
1053 1671 1163 1738 judices
1185 1673 1320 1726 sederent

302 1741 377 1812 apud
396 1738 591 1792 Athenienses:
618 1738 668 1790 sed
687 1739 733 1806 qui
751 1738 834 1790 homo
854 1745 928 1792 esset
947 1745 975 1805 et
995 1738 1063 1792 civis
1084 1746 1114 1792 et
1131 1741 1253 1808 triginta
1267 1739 1319 1794 ‘an-

301 1825 354 1864 nos
373 1814 455 1861 natus
470 1808 495 1858 is
513 1807 597 1860 etiarn
613 1812 689 1859 recte
705 1805 830 1874 judicare
848 1822 930 1874 posse
950 1807 1127 1860 credebaturs
1147 1809 1230 1862 etita
1242 1817 1320 1864 sorte

304 1878 487 1947 capiebantur
507 1875 624 1950 judices.
663 1875 756 1928 Esex
780 1881 887 1940 autem,
916 1891 988 1944 quae
1013 1877 1047 1929 de
1065 1875 1203 1930 *civilibus
1227 1879 1344 1932 caurisl

304 1941 518 2014 cognoscebant,
540 1943 721 1996 tribunalibus
737 1944 1022 2006 nobilissimumerat
1037 1943 1148 2008 Ἦλιαία,
1173 1963 1231 2000 nou
1251 1963 1319 2000 sem·
1357 1977 1361 1988 ·

302 2030 355 2085 per·-
373 2015 471 2066 codem
492 2017 623 2066 constans
648 2013 718 2065 illud
734 2011 868 2079 judicium
893 2025 1019 2075 numero,
1043 2016 1098 2066 etsi
1123 2017 1234 2083 proprii
1260 2018 1319 2084 ejus
1362 2037 1365 2045 ¹

304 2089 385 2138 erant
403 2083 438 2144 l),
459 2081 508 2134 scd
529 2087 639 2134 auctum
658 2082 687 2132 in
712 2081 864 2148 majoribus
889 2083 981 2134 causis
1007 2082 1124 2134 aliorum
1146 2083 1320 2150 iudiciorum

304 2152 482 2214 accessione3
503 2163 558 2219 qua
582 2151 689 2202 ratione
712 2149 756 2201 bis
774 2149 850 2203 mille
873 2149 1013 2204 interdum
1040 2150 1180 2204 sedebant
1205 2153 1321 2207 'udices

321 2221 353 2274 V.
373 2218 556 2278 Seboemann.
578 2217 612 2271 dc
631 2219 778 2270 sortitione
790 2217 924 2285 judicum.
949 2219 1027 2272 Coni.
1041 2219 1132 2272 Meier
1148 2226 1180 2273 ct
1191 2169 1321 2280 gennem.

315 2291 366 2342 ibr.
388 2285 461 2340 laud.
481 2303 507 2355 p.
529 2285 578 2339 tao
595 2303 653 2356 sqq.
674 2285 784 2338 Heiiter
802 2285 819 2338 i.
834 2286 850 2339 1.
871 2303 896 2355 p.
912 2283 946 2338 ts
967 2285 1040 2357 τρο]
1077 2291 1202 2358 Apparet
1225 2292 1321 2359 itaque
1365 2315 1373 2340 ι

305 2359 404 2412 eodem
422 2356 523 2418 redire,
548 2355 606 2416 sire
624 2355 738 2416 δικαςαι
762 2356 822 2408 τίνα
844 2346 1002 2418 Ἀθηναιους
1028 2357 1150 2424 appellet
1173 2359 1320 2411 auditores

305 2434 409 2486 orator.
446 2427 511 2478 cum
531 2430 623 2480 cutem
646 2423 714 2476 dicit
736 2409 758 2477 oi
781 2421 880 2492 ἄνδρες
894 2417 1030 2488 Ἀθηναῖοι
1051 2425 1139 2492 probe
1165 2427 1195 2480 id
1223 2427 1321 2480 distin-

304 2495 443 2565 guendum
461 2493 500 2548 'ab
521 2493 609 2561 ipsius
637 2493 732 2561 populi
755 2493 951 2560 appellatione,
975 2495 1025 2562 qui
1048 2493 1187 2548 interdum
1211 2494 1256 2549 his
1282 2494 1320 2547 di·

305 2571 381 2622 serte
400 2562 557 2630 opponitur,
578 2567 609 2614 ut
628 2563 656 2613 in
674 2567 771 2613 nostra
788 2576 828 2612 or.
849 2560 937 2626 5.,47.
957 2559 1032 2613 ὅσων
1043 2580 1113 2614 κατα
1131 2561 1319 2636 ειροτονὴοαν-

304 2647 350 2688 τος
364 2629 413 2684 τοῦ
431 2629 545 2698 δῆμον,
563 2628 639 2700 ὑμεῖς
656 2623 847 2699 κατεγνώκατε,
863 2627 885 2681 α’
904 2626 1004 2702 ἄνδρες
1022 2621 1173 2695 Ἀθηναιων
1200 2633 1249 2686 ubi
1272 2644 1321 2702 pel·

306 2701 438 2770 populum
457 2698 651 2767 intelliguntur
670 2699 785 2752 comitia
802 2696 830 2764 (ἦ
846 2697 993 2763 ἐκκλησία).
1027 2697 1081 2751 sP.
1254 2715 1258 2727 ’

377 2790 411 2843 ib
430 2791 586 2850 observent
607 2791 710 2850 tirones
730 2788 803 2842 hunc
820 2790 974 2858 genitivum
993 2773 1041 2854 οἷν,
1064 2789 1184 2860 positum
1211 2805 1262 2860 per
1280 2795 1320 2844 at-

254 2867 258 2875 “
306 2863 474 2922 tractionem
493 2875 544 2927 pro
562 2855 587 2922 di,
603 2861 717 2915 tametsi
736 2858 780 2910 hic
799 2857 975 2911 accusativus
991 2875 1047 2912 non
1064 2859 1103 2912 sit
1119 2860 1236 2926 objecti,
1249 2857 1320 2930 quod

308 2931 412 2996 dicunt,
429 2929 584 2996 propioris,
608 2926 656 2984 sed
674 2928 850 2990 remotioris,
876 2928 997 2998 pendens
1023 2943 1041 2980 a
1064 2928 1175 3002 θρασύν
1197 2921 1269 2984 εἶναι
1292 2931 1321 2980 et

307 3000 396 3062 ricem
415 3013 517 3068 gerens
534 2997 666 3065 plenioris
684 2995 821 3050 formulae
833 2995 868 3058 Ιἐν
884 2986 932 3050 οἷς.

240 3119 242 3136 ι
335 3137 336 3142 ,
379 3089 413 3150 27
435 3087 519 3143 Godd.
538 3087 645 3156 aliquot
663 3074 713 3142 cdv
731 3089 870 3142 omittunt.
909 3087 964 3149 Sed
985 3085 1164 3142 vidlnddr.
1182 3105 1210 3139 ν.
1253 3083 1321 3155 [Pa-

310 3165 353 3220 ter
371 3173 451 3212 meus
470 3163 568 3210 contra
586 3156 674 3224 codd,
699 3172 717 3208 a
739 3157 837 3240 quibus
862 3141 913 3210 οὖν
937 3157 1027 3222 abest,
1055 3157 1150 3213 Latet.
1171 3156 1321 3210 lectionem

310 3229 429 3296 recepit.
452 3223 584 3290 Quamvis
599 3226 627 3278 in
646 3225 736 3288 inds
756 3239 782 3276 r.
795 3244 845 3280 ουν
860 3230 935 3279 recte
958 3224 1198 3288 demonstraverit,
1218 3225 1323 3277 iactum

312 3312 375 3358 esse
393 3303 424 3346 ut
439 3294 493 3358 hoc
510 3294 593 3348 modo
612 3299 790 3362 usurparetur
811 3279 868 3357 οὖν,
886 3301 981 3346 tamen
999 3295 1173 3361 ejicientibus
1192 3293 1265 3346 hanc
1277 3306 1324 3342 vo-

244 3403 249 3416 ,
313 3365 403 3418 culam
421 3363 576 3416 editoribus
594 3364 748 3426 assentior3
771 3363 948 3433 nequeenim
969 3377 1031 3422 cum
1050 3364 1229 3423 conclusione
1259 3374 1324 3428 qua·

312 3435 375 3487 dam
396 3433 497 3485 transit
516 3432 551 3484 ad
572 3431 656 3484 eliani
676 3439 859 3498 temerator,
884 3431 935 3485 sed
959 3437 1107 3498 monstrat,
1132 3446 1185 3500 quo
1212 3431 1240 3483 in
1261 3429 1324 3480 loco

312 3519 358 3557 r-es
377 3498 545 3567 versentur]
775 3523 777 3528 ·
1217 3505 1222 3528 ⁶

378 3587 417 3649 'ie
436 3586 529 3650 Locus
556 3591 591 3649 ob
613 3589 752 3660 duplicemx
775 3589 948 3660 quarundam
965 3605 1066 3648 vocum
1092 3589 1324 3660 significationem

313 3663 383 3725 mire
404 3663 439 3719 ab
458 3661 657 3728 interpretibus
676 3667 810 3728 vexatus,
828 3661 861 3714 de
881 3676 935 3730 quo
955 3667 1048 3722 tamen
1068 3661 1142 3728 quod
1158 3658 1227 3714 mibi
1247 3656 1323 3709 vide·

314 3732 449 3796 turcatis
466 3729 577 3787 habebo
605 3727 702 3797 paucis
723 3745 870 3798 exponere.
908 3729 1028 3792 Verbum
1048 3731 1137 3798 τηρεῖν
1153 3727 1199 3784 hic
1221 3729 1250 3786 ut
1268 3725 1323 3793 ple·

313 3814 430 3868 rumque
459 3799 531 3866 apud
555 3797 772 3856 Demosthenem
794 3799 833 3850 nil
851 3795 945 3860 differt
972 3801 1007 3858 ab
1030 3798 1079 3854 ilio
1105 3790 1256 3868 φυλάττειν,
1280 3787 1325 3851 tili

265 3883 280 3894 ··
315 3870 401 3928 etiam
417 3869 542 3934 junctum
561 3865 628 3918 iliud
645 3865 730 3919 babes
749 3867 802 3920 Pro
823 3870 885 3920 Cor.
927 3903 933 3915 .
952 3865 1012 3926 317.
1033 3872 1100 3918 extr.
1120 3859 1263 3934 φυλάττειν
1277 3853 1325 3939 ἔρὲ

311 3935 361 3998 καὶ
374 3939 462 4031 ρηρεῖν
477 3931 592 3987 ἐκέλευεν
610 3931 682 3990 ὅπως
697 3935 734 4005 μὴ
752 3953 776 3988 κ.
795 3953 819 3987 τ.
838 3953 858 4000 s,
893 3883 966 3991 §gne
995 3950 1147 4006 pronomen
1172 3931 1238 4002 ὑμῖν
1262 3929 1326 3980 burc

316 4005 380 4062 looo
401 4005 520 4056 alienum
533 4003 652 4066 ridetur,
671 4019 732 4056 cum
751 4003 894 4072 passivum,
911 4001 1047 4074 τετήρηται
1067 4019 1100 4056 eo
1120 4016 1186 4053 casu
1203 3997 1326 4066 requirat

317 4075 434 4142 primam
453 4072 544 4137 potius
559 4087 717 4140 personam,
738 4071 808 4144 ἐμοὶ.
842 4069 897 4125 Sed
916 4073 971 4126 ista
989 4087 1085 4125 carere
1103 4076 1214 4138 poterat
1233 4068 1327 4118 orator

317 4143 353 4194 ob
372 4154 562 4208 praegressum
577 4133 637 4214 παρ’
661 4137 744 4211 λμοῦ,·
766 4146 796 4192 et
821 4141 863 4193 ita
881 4141 970 4194 locum
996 4141 1064 4194 iecit
1082 4137 1234 4193 ethiooiili
1256 4131 1329 4202 ὑμῖν.

319 4223 373 4288 quo
392 4208 564 4273 indicatae
583 4210 676 4271 oanis
700 4209 874 4275 instance,
905 4217 936 4269 ut
961 4208 1144 4271 Athenienses
1170 4203 1328 4266 desiderare

294 4399 313 4426 *a
