2860 4890
306 295 365 364 156
704 330 907 346 --—-·-

453 423 457 456 ι
549 422 555 458 ι

306 471 347 522 les
368 471 433 520 sunt
451 463 476 528 3,
493 463 536 518 ³7.
555 461 584 520 ic
602 462 632 517 di
649 457 756 522 τούτους
772 463 810 536 μὴ
826 459 937 532 ὀπώπεε,
956 466 1011 539 ἐγώ
1029 466 1062 522 da'
1080 471 1107 522 oi
1125 468 1270 542 σημανέω,
1295 472 1327 536 sl,

305 535 349 592 99.
376 532 405 591 ὃς
422 531 454 586 δέ
474 526 640 599 adtitulatio
663 533 747 586 ταῦτα
762 533 800 617 pil
822 535 1023 608 noponlnloxs,
1040 537 1095 607 ἔγιά
1115 538 1146 592 δὲ
1163 535 1259 594 ἄλλοις
1282 537 1328 606 ϋη-

272 641 275 662 .
308 600 401 660 λάσιοι
416 619 496 672 ·quos
520 601 632 654 Werler
653 618 679 672 p.
696 601 737 654 97.
760 607 836 655 inter
856 619 905 656 eos
932 605 1029 658 retulit
1055 607 1202 676 inquibus
1229 604 1269 660 δέ
1288 607 1327 660 al·

308 681 398 730 terum
424 687 479 724 non
504 677 549 724 e'st
569 671 625 722 nisi
647 669 746 737 prioris
771 673 911 740 repetitio.
956 672 1012 727 Sed
1035 673 1114 742 hujus
1140 677 1262 745 generis
1283 691 1328 728 ra-

309 744 414 796 tionem
438 755 503 792 mox
521 737 684 802 videbimus,
705 753 759 818 quo
777 738 810 792 hi
832 739 888 793 loci
910 741 954 794 rel
984 741 1048 795 ideo
1079 742 1151 798 trahi
1172 761 1233 798 uon
1263 760 1329 814 pos·

306 817 387 931 ριιιρρἸ
409 809 483 878 quod
502 799 555 878 ἐγὼ
578 805 610 860 dd
635 807 664 862 iu
694 805 738 860 lus
764 805 873 862 diversa
892 814 935 864 est
952 826 1073 879 persona
1093 827 1111 864 a
1127 811 1329 880 praecedente

305 897 335 936 σς
373 895 395 932 a.
650 921 653 928 .
876 888 878 896 ’
1045 919 1049 932 .

378 945 456 1015 ilpud
475 945 581 998 Atticos
603 947 697 998 autem
716 943 784 998 haec
806 943 918 1006 ridetur
939 953 1017 1001 certa
1036 949 1082 1002 lex
1101 965 1173 1013 esse,
1200 958 1239 1003 ut
1257 966 1328 1002 non-

307 1017 364 1070 nisi
381 1029 440 1066 eum
460 1029 552 1066 sermo
578 1019 657 1066 extra
676 1021 823 1080 protaseos
843 1021 873 1083 et
895 1015 1050 1084 apodoseos
1067 1017 1185 1072 formam
1206 1024 1328 1088 specta·

310 1091 364 1148 tus,
383 1083 586 1163 oppositionem
612 1085 831 1202 ⁰⁰¹¹fi¹¹l³⁸t¹sef
848 1079 901 1154 μέν
922 1092 952 1138 et
969 1082 1003 1138 δέ
1020 1087 1235 1150 enuntiandam,
1265 1094 1329 1140 tum

311 1155 420 1208 demum
445 1151 527 1204 dein
552 1151 681 1218 apodosi,
698 1156 760 1204 xrute
795 1157 838 1204 dm
862 1154 948 1206 etiam
966 1153 1058 1221 ipsum
1110 1153 1134 1207 ’ν
1152 1157 1180 1208 iu
1201 1155 1327 1225 protasi,

222 1224 223 1232 ’
312 1226 448 1275 servetur.
485 1218 577 1272 Solius
597 1214 630 1272 δέ
648 1221 754 1272 servati
778 1221 933 1292 exemplum
954 1227 998 1284 est
1012 1223 1040 1276 in
1058 1173 1200 1283 dlllbiade
1220 1241 1327 1278 secun·

311 1289 346 1343 do
368 1289 409 1342 ll).
429 1305 456 1358 p.
477 1285 534 1340 tto.
545 1286 577 1366 ⁸d.
598 1286 691 1353 ἐπειδὴ
709 1285 778 1340 onitu
795 1304 839 1340 σοι
863 1289 940 1343 desei
957 1285 1069 1361 σφόδρα
1087 1287 1179 1345 caslev
1194 1285 1279 1346 εἶναι
1296 1292 1328 1344 td

310 1359 425 1432 πρᾶγμα
447 1348 497 1417 ὦς’
523 1354 589 1409 ουδὲ
616 1351 708 1429 ῥητέον
731 1349 803 1408 εἶναι
825 1354 908 1412 οὕτως
931 1351 999 1424 εἰκῆ·
1039 1359 1128 1416 δοκεῖς
1154 1352 1185 1412 δ’
1215 1359 1258 1413 ἄν
1277 1361 1328 1414 τάν

306 1420 429 1501 Ὀρέστην
442 1439 474 1463 ²-
492 1425 624 1494 τολμῆσσι
641 1423 676 1476 ἄν
692 1443 719 1477 τι
734 1419 838 1478 τοάτων
858 1421 1079 1498 άιαπράξασθαι,·
1100 1430 1127 1494 *)
1167 1429 1256 1482 Tolle
1276 1429 1326 1482 hic

305 1498 427 1550 formam
446 1500 590 1564 protessus
608 1497 637 1546 ei
651 1494 817 1562 apodoseos
837 1499 866 1546 et
885 1495 1067 1548 remanebunt
1081 1496 1164 1550 haec:
1189 1498 1249 1550 Σοὶ
1270 1496 1327 1567 μὲν
1409 1495 1410 1532 l

309 1557 375 1618 οὐδὲ
401 1564 494 1635 ῥητέον
512 1554 583 1616 ulvae
597 1561 628 1614 sd
652 1561 727 1632 πράγ
750 1581 768 1612 α
789 1562 875 1616 δοκεῖ·
914 1564 963 1616 τόν
983 1563 1013 1616 δὲ
1027 1557 1130 1635 Ὀρέςην
1148 1565 1243 1623 δοκεῖς
1261 1569 1324 1619 rol·
1409 1603 1410 1614 .

308 1633 393 1704 μῆσαι
407 1631 442 1684 ἄν
461 1625 675 1703 διαπράξασθαι.
739 1631 814 1682 ravis
839 1631 963 1696 proiecto
982 1635 1139 1702 oppositio*
1152 1649 1240 1701 quam
1261 1651 1323 1700 mu·
1409 1669 1410 1672 =

309 1710 371 1755 tata
386 1715 494 1771 quoque
515 1697 651 1752 orationis
669 1699 759 1750 forma
774 1700 889 1753 retineri
909 1706 938 1752 et
955 1717 1003 1768 per
1025 1698 1059 1755 δέ
1074 1703 1174 1755 saltem
1194 1720 1232 1756 ex
1255 1703 1324 1756 rimi

308 1772 406 1824 mirum
425 1785 480 1822 non
499 1767 625 1821 videtum
656 1765 735 1820 illiud
762 1765 847 1820 habas
865 1783 908 1836 ap.
926 1769 1053 1838 Xenoph.
1072 1772 1158 1824 Anah.
1179 1769 1206 1834 5,
1246 1771 1322 1836 ‚dd

308 1835 386 1896 Ὴὲ
407 1831 559 1919 ἦπρίλησας,
582 1833 617 1890 οἷς
640 1833 766 1904 Κορύλαν
786 1833 833 1887 καὶ
857 1833 1041 1907 Παφλαγόνας
1059 1835 1219 1910 συμμάχους
1240 1836 1322 1903 nosvi-

308 1910 391 1972 σγσθε
404 1901 438 1974 lp
476 1903 558 1975 ἡμᾶς’,
580 1901 655 1973 ἡμεῖς
670 1903 702 1956 δὲ
721 1929 754 1941 -
772 1899 958 1976 πολεμήσομεν
973 1903 1020 1959 ναὶ
1033 1899 1205 1978 ἀμφοτέροις.
1249 1909 1321 1962 Sen-

309 1992 355 2029 sus
382 1975 411 2026 iri
435 1973 528 2026 foruna
555 1970 679 2024 resoluta
702 1977 747 2025 est
774 1971 835 2026 hic:
874 1971 937 2039 „Tu
955 1976 1064 2043 quidem
1084 1992 1187 2045 magna
1203 1978 1321 2030 scilicet

183 2073 186 2088 ·
258 2063 260 2066 ·
309 2044 389 2098 nobis
414 2043 542 2104 minaris,
566 2040 698 2109 Corylam
724 2047 753 2093 et
778 2039 971 2111 Paphlagonas
995 2045 1138 2098 vobiscum
1164 2043 1321 2098 adversum

309 2129 359 2166 nos
378 2116 559 2186 pugnaturos:
578 2114 609 2160 at
627 2125 677 2162 nos
696 2110 740 2175 rel
759 2111 885 2179 utrisque
903 2111 1006 2164 bellum
1024 2113 1183 2166 iaciemus’¹.
1213 2115 1319 2168 Exem-

307 2182 382 2252 plum
402 2180 554 2250 particulae
578 2172 631 2248 μέν
654 2193 762 2246 quoque
784 2178 812 2230 in
838 2181 945 2247 protasi
971 2191 1099 2234 servatas
1124 2183 1202 2234 dabit
1230 2183 1319 2236 Plato

308 2253 379 2318 laeg'.
402 2250 443 2302 10.
467 2265 492 2317 p.
512 2245 615 2328 89830.
640 2245 733 2312 ἐπειδὴ
758 2246 837 2316 ψυχά
854 2243 908 2318 μέν
936 2247 994 2309 Ιςιν
1015 2248 1030 2316 ἦ
1052 2245 1220 2323 περιάγουσα
1248 2249 1320 2322 ἡμῖν

235 2357 242 2372 .
308 2313 403 2380 πάντα,
420 2315 468 2398 τὴν
497 2315 528 2368 δὲ
553 2313 670 2398 poposci
692 2315 842 2387 περιφοράν
861 2317 889 2376 ἐξ
909 2307 1029 2386 άνάγιιης
1053 2315 1193 2389 περιάγειν
1211 2317 1319 2388 φατέον

307 2386 364 2454 ἤτοι
383 2387 430 2453 τὴν
449 2383 543 2459 αρίςην
566 2394 655 2452 ψυχην
678 2380 692 2448 ἢ
713 2383 770 2447 τὴν.
783 2385 917 2438 ἐναντίαν.
954 2385 1015 2448 Ηία,
1034 2387 1070 2439 ob
1086 2387 1206 2458 logicam
1226 2389 1316 2441 ratio·

308 2472 380 2518 nem,
399 2452 470 2524 ψυχὴ
483 2454 512 2506 in
528 2451 683 2504 universum
701 2450 784 2516 dicta,
811 2458 839 2506 et
861 2447 951 2506 πάντα
968 2455 1217 2518 indiscriminatim,
1237 2453 1318 2510 velut

309 2526 457 2595 eregione
476 2523 568 2590 posita
584 2526 649 2574 sunt
671 2520 705 2590 τῇ
722 2515 798 2589 άρίςῃ
815 2519 890 2640 fumi
909 2529 938 2574 et
955 2523 995 2593 τῷ
1014 2517 1127 2596 οὐρανῷ,
1145 2525 1265 2594 ideoque
1287 2530 1317 2577 et

307 2588 362 2664 μέν
382 2599 411 2646 et
435 2588 469 2644 δέ
486 2595 625 2642 servatum
650 2595 701 2642 est.
751 2589 812 2651 ouo
856 2595 948 2644 autem
971 2589 1024 2661 μέν
1042 2591 1166 2646 additum
1184 2603 1230 2646 est
1249 2593 1316 2646 roci

309 2657 389 2732 ψυχά,
408 2675 497 2728 neque
515 2665 616 2721 tamen,
641 2657 714 2726 quod
734 2657 803 2708 alias
821 2659 883 2710 lieri
907 2659 988 2722 solet,
1006 2662 1107 2714 vocula
1127 2658 1161 2714 δέ
1177 2663 1249 2730 ipsis
1269 2661 1315 2714 his

309 2731 402 2784 verbis
416 2727 449 2799 τῇ
469 2720 546 2796 άρίςγ
562 2723 643 2794 ψυχῇ,
668 2741 740 2793 quae
762 2725 931 2793 respondent
950 2727 1000 2789 illi,
1027 2728 1171 2792 adhaeret,
1190 2727 1252 2795 ejus
1273 2731 1317 2782 rei

312 2814 398 2852 causa
418 2797 447 2850 in
474 2795 653 2848 anacoluthia
672 2793 829 2863 quaerenda
851 2799 909 2858 est,
927 2796 962 2848 ad
980 2813 1061 2866 quam
1080 2804 1112 2852 ut
1129 2798 1250 2852 diximus
1273 2805 1315 2850 to·

309 2877 368 2922 turn
391 2865 444 2918 hoc
470 2880 558 2934 genus
582 2864 681 2917 referri
708 2860 799 2915 debet.
835 2862 925 2925 ,Quod
949 2881 986 2922 ne
1009 2867 1086 2936 longi
1112 2867 1206 2929 simus,
1225 2867 1315 2920 verbo

309 2943 417 2990 tantum
444 2949 602 2997 munemus;
630 2939 661 2984 et
685 2930 806 2984 indidem
829 2931 898 2996 illud
920 2935 1003 2986 etiam
1031 2935 1213 2997 defendimus,
1239 2935 1315 3006 quod

310 3003 392 3059 modo
410 3005 438 3054 in
457 3009 554 3054 nostra
570 3001 625 3053 loci
644 3015 680 3051 ex
697 2998 838 3052 Alcibiade
853 3001 887 3051 ll.
907 3004 1011 3070 sumpti
1028 3005 1211 3074 explicatione
1230 3019 1314 3058 vocn-

309 3074 376 3136 lam„
385 3068 418 3124 δέ
434 3085 487 3124 non
507 3069 597 3124 eidem
617 3069 680 3122 roci
694 3069 868 3136 adjunximus
889 3070 932 3122 cui
952 3071 980 3122 in
1001 3073 1069 3138 ipsis
1086 3073 1231 3140 scriptoris
1250 3088 1312 3125 ver·

241 3191 244 3203 ,
309 3143 356 3193 bis
374 3138 513 3192 adhaeret.
556 3138 629 3200 Quin
654 3138 741 3189 etiam
766 3136 868 3188 accidit
901 3139 1053 3192 resolveuti
1084 3141 1230 3210 plerosque
1258 3141 1313 3194 huc

310 3210 478 3280 pertinentes
496 3206 581 3269 locos,
596 3207 626 3258 in
643 3205 741 3274 quihus
762 3205 893 3273 apodosis
911 3207 1009 3274 incipit
1027 3224 1044 3260 a
1062 3209 1154 3262 verbis
1175 3211 1202 3261 ei
1220 3207 1261 3274 δέ,
1280 3207 1314 3260 σοΙ

310 3273 350 3340 δέ,
367 3293 428 3330 cum
449 3276 623 3344 oppositione
643 3289 697 3326 non
713 3274 747 3325 ad
763 3289 907 3342 personas,
923 3276 972 3328 sad
990 3275 1024 3328 ad
1041 3284 1130 3332 totum
1148 3293 1218 3344 quae
1232 3293 1311 3346 prae-

309 3347 385 3400 cedit
409 3344 624 3413 propositionem
651 3343 756 3403 relata,
782 3347 813 3394 ut
836 3357 872 3395 ex
890 3341 1129 3412 superioribus‘in
1149 3346 1205 3399 illis
1224 3350 1310 3400 isocr·

310 3414 344 3468 de
362 3415 483 3468 Permut.
503 3409 544 3462 to.
566 3412 669 3464 llerod.
690 3410 716 3472 5,
734 3409 777 3462 to.

376 3483 456 3546 Quod
476 3487 568 3534 autem
587 3479 722 3532 Schaefer
742 3479 769 3529 in
787 3479 882 3531 Melet.
904 3495 929 3548 p.
949 3481 990 3534 59.
1013 3487 1041 3534 et
1063 3481 1122 3534 135.
1142 3484 1218 3538 s..de
1234 3484 1310 3551 pleo-

309 3555 417 3605 nastieo
436 3547 469 3603 δέ
483 3556 546 3617 post
564 3546 771 3602 demonstrativo
783 3551 998 3617 niemorat',ejus
1018 3552 1057 3602 rei
1075 3551 1201 3618 exempla
1217 3553 1311 3619 (prae-

310 3627 351 3674 ter
370 3635 409 3691 αι
426 3633 496 3687 quaa
521 3615 556 3668 ad
581 3613 614 3669 δέ
639 3617 783 3684 repetitum
807 3622 943 3686 spectant,
969 3619 1003 3671 de
1028 3635 1081 3687 quo
1101 3635 1165 3671 mox
1181 3618 1309 3688 agemus)

308 3691 402 3741 omnia
420 3688 456 3740 ad
476 3686 547 3738 hanc
570 3686 600 3736 in
627 3683 744 3752 apodosi
764 3692 901 3738 servatam
925 3688 1107 3756 oppositionis
1122 3685 1248 3750 ,turmam
1268 3703 1310 3740 re·

308 3757 422 3811 ferenda
447 3762 526 3818 sunt,
555 3752 771 3806 demonstrativo
799 3755 933 3820 pendente
958 3772 975 3807 a
1001 3756 1117 3808 relativo
1142 3758 1169 3808 in
1188 3756 1310 3824 protasi:

308 3827 400 3895 qualia
419 3829 483 3877 aunt
502 3823 552 3876 illa
569 3838 639 3891 quae
655 3823 727 3874 inter
748 3823 930 3892 epica'supra
949 3824 1092 3877 attulimus
1109 3840 1143 3878 ex
1175 3827 1201 3876 li.
1218 3837 1247 3892 ψ,
1265 3822 1309 3876 st.

308 3893 355 3958 (nis
374 3922 416 3956 -‚
436 3888 471 3947 ὥς
489 3890 521 3944 δὲ
538 3893 594 3955 -),
619 3908 642 3952 ιι,
661 3887 720 3944 489.
744 3889 852 3957 (ὅντινα
871 3917 911 3953 ·-,
936 3892 984 3946 τὸν
999 3887 1105 3960 άά-).
1148 3893 1244 3962 Neque
1262 3892 1308 3944 du·

375 4101 394 4160 ⁸)
412 4105 503 4150 Exhihui
520 4107 589 4152 locunt
609 4121 635 4149 ex
658 4078 745 4164 vulgata
761 4105 948 4166 interpunctione:
978 4120 1028 4151 nana
1052 4121 1078 4151 ex
1102 4123 1127 4154 es
1146 4121 1209 4168 quara
1225 4104 1315 4152 Bellen

306 4173 406 4230 instituit,
431 4174 514 4220 alienus
544 4189 595 4220 sane
620 4175 637 4218 is
665 4173 719 4218 leret
743 4175 769 4218 ah
794 4177 834 4218 hac
861 4183 933 4221 nostra
957 4175 1109 4236 disputatione.
1153 4176 1197 4221 Sed
1221 4170 1309 4227 rimini

307 4251 351 4289 not.
372 4248 439 4289 nostr.
