2888 4890
1161 265 1171 296 t

539 327 754 362 ΝΜ
1046 331 1049 342 2
1102 317 1182 386 xm,

120 489 229 570 erat,
261 507 333 548 eum
362 477 506 568 'judicum
545 487 665 546 animos
693 485 785 566 plane
803 491 996 568 perspectos
1025 491 1160 570 habere;
1185 531 1187 540 ‚

146 574 351 658 quamobrem
381 575 473 632 etiam
499 571 590 630 nobis
616 571 740 651 judiees
772 576 980 649 cognoscendi
1007 583 1092 654 suht,
1122 584 1159 638 ut

147 661 248 742 qualis
276 660 319 718 sit
349 659 451 718 oratio
476 657 663 730 sentiamus3
693 660 726 715 et
750 660 787 715 ut
813 654 1035 734 Demosthenis
1060 668 1160 722 artem

128 735 346 821 admiremur,
368 744 506 802 sciamus
526 761 655 800 necesse
678 752 738 818 est,
753 741 860 823 quales
881 743 997 818 fuerint
1018 767 1080 827 quo
1105 749 1175 808 ille’
1237 766 1241 782 ’

149 829 270 890 dicebat
299 833 442 907 tempore
468 823 698 890 Athenienses.
754 823 844 904 Quos
867 831 904 888 ut
924 824 1032 908 paucis
1053 833 1161 898 adnm-

147 917 273 976 bremus
295 934 379 973 rruno
401 911 554 976 intererit.
1192 967 1198 990 „

234 997 277 1057 Ut
296 999 458 1076 hodieque.
472 993 706 1076 inpdpulorum
717 988 812 1056 vmare
829 996 1085 1058 mediterraneum
1109 1021 1160 1060 ac-

150 1085 317 1146 colentium
347 1083 440 1143 etiam
467 1082 588 1140 intimis
608 1079 770 1154 ordinibus
797 1082 898 1142 multo
931 1084 1032 1163 major
1065 1087 1160 1146 animi

151 1169 320 1244 subtilitas,
345 1187 486 1242 acumen,
513 1166 635 1244 agilitas
659 1167 752 1242 inest,
775 1187 866 1246 quam
890 1168 921 1226 in
942 1169 1070 1248 populis
1090 1192 1161 1250 sep-

91 1293 94 1307 ,
152 1251 401 1328 tentrionalibus,
420 1252 466 1312 ita
487 1269 538 1310 res
563 1271 597 1310 se
617 1250 751 1310 habebat
770 1253 863 1314 ctiam
884 1255 1025 1312 veterum
1047 1260 1161 1332 aetate,

148 1341 243 1419 idque
271 1338 316 1398 ita
336 1339 381 1396 *ut
402 1341 524 1414 veteres
542 1338 738 1416 praestarent
762 1337 1000 1413 recentioribus,
1022 1343 1161 1419 quando-

149 1422 275 1504 quidem
299 1423 380 1503 apud
405 1419 542 1480 Graecos
556 1419 777 1500 Romanosque
793 1422 961 1488 multitudo
981 1425 1082 1502 ipsius
1102 1427 1162 1484 rei-

148 1507 518 1588 publicaemoderandae
540 1501 639 1564 multo
661 1506 760 1582 magis
782 1507 938 1587 particeps
959 1513 1036 1584 erat,
1056 1509 1162 1590 itaque

137 1582 246 1652 'altius
262 1590 421 1666 tendebat,
446 1609 632 1672 quamquam
656 1609 767 1658 rursus
791 1592 911 1652 facilius
933 1592 1037 1668 tiebat,
1056 1598 1093 1652 ut
1113 1615 1163 1654 ra·

152 1679 275 1736 tionum
297 1673 484 1755 reipublicae
511 1676 675 1752 integritas
693 1674 930 1735 obscoenarum
951 1677 1161 1739 multitudinis
1189 1674 1192 1686 ¹

152 1750 313 1820 libidinum
342 1761 487 1820 sordibus
517 1761 767 1839 adspergeretur.
821 1757 891 1820 Non
923 1763 992 1822 dico
1020 1764 1162 1824 doctrina

152 1849 245 1926 alque
260 1846 447 1916 <eruditione
474 1849 641 1924 superatos
656 1863 740 1908 ‚esse
764 1847 964 1916 ‚recentiores
983 1849 1119 1927 populos
1143 1869 1163 1908 a

148 1931 319 2007 veteribus,
353 1951 433 2010 quos
460 1931 569 1988 contra
590 1929 645 1996 his¹
666 1927 760 1990 rebus
784 1931 946 1990 inferiores
969 1932 1068 2003 fuisse
1090 1955 1163 1992 con-

150 2009 319 2090 tenderim,
347 2007 403 2075 sed
431 2014 605 2092 ingenium,
628 2035 690 2074 non
718 2013 855 2075 adhibita
883 2017 1062 2096 disciplina,
1089 2019 1162 2097 quia

150 2101 355 2160 versabantur
383 2101 503 2158 veteres
531 2100 641 2178 populi
663 2099 693 2157 in
717 2098 810 2160 rebus
836 2099 982 2179 publicis,
1013 2101 1163 2175 subtilius

150 2185 310 2260 sentiebat
313 2208 323 2260 3
341 2185 391 2242 na
411 2188 447 2242 ut
460 2187 523 2242 tam
541 2204 593 2244 res
612 2183 753 2264 publicas
765 2183 908 2262 judicare
920 2205 1013 2266 quam
1033 2191 1170 2264 gustum¹

150 2271 264 2330 artium
285 2269 524 2348 litterarumque
551 2289 661 2350 capere
689 2273 812 2348 posset,
836 2291 932 2350 quum
954 2271 1075 2350 species
1097 2272 1162 2330 ani-

149 2375 202 2413 mo
226 2355 374 2414 coniicias
396 2354 430 2412 in
446 2374 551 2412 rerum
569 2357 681 2421 natum
702 2374 834 2433 ponere,
850 2360 913 2414 mur
935 2359 1075 2414 veterum
1099 2377 1163 2415 me·
1218 2371 1223 2380 “

149 2442 250 2500 moria
278 2459 371 2520 quam
396 2441 507 2498 nostra
533 2454 640 2498 eorum
660 2438 769 2515 esset,
801 2441 854 2519 qui
875 2441 1017 2500 doctrina
1039 2441 1089 2502 usi
1114 2461 1163 2501 es·

150 2529 222 2584 sent
242 2529 337 2604 atque
359 2522 532 2603 disciplina.
579 2515 686 2604 Atque
714 2524 745 2582 id
772 2525 855 2604 quod
878 2526 1040 2605 proprium
1062 2525 1162 2587 fuisse
1246 2521 1249 2528 ’

151 2609 343 2670 Graecorum
365 2605 640 2688 Romanorumque
656 2607 726 2668 dixi
743 2611 971 2686 universorum,
992 2611 1110 2680 ,mirum
1126 2611 1163 2672 in
1218 2649 1223 2662 ·

150 2696 277 2757 modum
300 2694 463 2774 proprium
483 2697 551 2752 erat
570 2695 652 2752 inter
666 2693 801 2754 Graecos
812 2691 1063 2772 Atheniensium,
1080 2696 1164 2778 apud
1267 2707 1271 2718 '

150 2800 247 2860 quos,
264 2793 354 2859 vquac
381 2798 419 2837 ex
441 2779 561 2839 sollerti
582 2781 694 2838 natura
714 2779 907 2858 maximeque
929 2780 1038 2839 mobili
1060 2781 1162 2840 animo

149 2865 237 2923 nasci
251 2856 381 2923 'soleant
403 2864 435 2920 in
452 2859 619 2943 utramque
641 2868 771 2943 partem,
791 2863 975 2924 mirabiliter
994 2867 1068 2932 nata
1081 2870 1164 2930 sunt.

84 3007 88 3026 ,
149 2945 221 3007 Non
244 2949 350 3030 potuit
369 2969 435 3006 non
454 2939 536 3026 apdd
556 2969 611 3008 eos
632 2944 799 3008 multitudo
821 2948 959 3008 omnium
980 2969 1084 3009 rerum
1106 2971 1165 3030 po,-

150 3034 219 3110 tiri3
251 3033 317 3092 sed„
337 3035 413 3092 haee
441 3033 603 3112 popularis
632 3035 713 3092 ratio
741 3033 791 3092 vel
819 3028 915 3113 quum
952 3035 1044 3094 finem
1071 3055 1164 3124 quem

152 3115 404 3197 consequebatur
426 3119 653 3197 propemodum
675 3119 847 3193 excederet,
866 3140 923 3198 per
942 3121 1078 3201 spatium
1099 3119 1165 3180 tore
1273 3165 1276 3172 ,

152 3203 271 3262 saeculi
294 3202 365 3274 inde
392 3222 411 3260 a
435 3199 595 3262 Clisthene
621 3203 783 3283 usquead
811 3199 971 3279 Periclem,
994 3225 1090 3264 verse
1105 3205 1166 3264 rci-

132 3287 298 3368 .publicae
320 3292 417 3366 atque
431 3288 524 3346 'adeo
544 3285 692 3346 Graeciae
711 3285 805 3348 saluti
828 3289 1021 3350 consulebat.
1071 3287 1166 3367 Quod

41 3399 47 3416 τ
152 3373 220 3432 fieri
242 3393 304 3444 noc
326 3371 432 3451 potuit
454 3371 514 3431 nisi
544 3373 576 3431 in
605 3393 642 3431 eo
660 3372 796 3458 populo,
818 3374 910 3454 cujus
935 3377 1046 3434 natura
1069 3389 1166 3454 capax

151 3461 238 3518 esset
255 3477 449 3517 summorum
468 3457 691 3538 exemplarium
711 3457 816 3536 etqui
838 3473 872 3518 re
890 3462 962 3533 vera
983 3480 1019 3522 ea
1039 3462 1166 3538 appete·
1288 3529 1292 3541 x

151 3547 211 3602 ret.
261 3541 404 3620 Quorum
433 3542 505 3623 quia
530 3562 660 3621 capaces
690 3547 779 3600 erant
808 3539 1015 3604 Athenienses
1044 3542 1166 3604 artibus

150 3627 328 3707 litterisque
349 3625 593 3702 delectabantur,
614 3626 659 3684 ita
678 3631 714 3684 ut
740 3648 758 3684 a
780 3647 900 3686 morum
923 3630 1093 3708 asperitate
1112 3627 1166 3686 ab·

149 3712 326 3790 horrerent,
339 3705 480 3770 Deorum
503 3712 676 3770 reverentia
697 3710 810 3788 imbuti
832 3719 931 3789 erant,
951 3733 1031 3793 quae
1052 3713 1165 3772 cilicie·

56 3861 59 3865 ,
150 3797 225 3873 bat,
256 3801 292 3856 ut
322 3796 463 3874 religiosi
495 3800 617 3872 essent,
647 3797 768 3876 patriae
800 3798 940 3858 caritate.
962 3796 1165 3874 excellebant,
1260 3861 1272 3880 a

152 3881 307 3960 quamoti
333 3881 430 3958 leges,
462 3881 579 3962 quippe
608 3902 687 3959 quae
715 3881 910 3961 reipublicae·
932 3883 1166 3941 tundamentum

152 3965 269 4040 essent,
301 3965 448 4046 religiose
469 3965 648 4040 tuebantur,
678 3967 870 4029 humanitate
894 3967 1027 4046 denique
1050 3968 1165 4044 gandr-

149 4049 246 4126 bant,
282 4071 360 4129 quae
393 4049 599 4130 impediebat,
642 4053 809 4130 quominus
842 4071 934 4112 suum
969 4053 1166 4111 commodum

149 4137 328 4213 spectantes
348 4135 538 4214 reliquarum
559 4135 719 4198 civitatum
739 4137 1002 4216 populorumque·
1017 4131 1175 4195 Graeciael
1256 4147 1258 4154 ’

108 4263 109 4266 η
126 4270 133 4282 ,
149 4217 326 4283 rationibus
347 4219 439 4278 alieni
458 4222 574 4282 esseut.
599 4217 661 4278 Sed
679 4225 848 4300 postquam
867 4221 1014 4302 populari
1032 4220 1164 4326 imperio
