2860 4890
530 367 731 382 ..αι-..-

112 503 198 554 Onet.
215 501 237 554 Ι.
258 506 287 568 p.
303 499 363 562 871,
387 497 425 576 ¹4:
450 499 486 555 nis
513 457 543 551 ῥ’
566 491 630 551 cdx
646 503 745 554 istim
763 495 935 572 ἐγεώργει
951 501 999 554 τ“ν
1038 498 1136 558 *sede

110 561 237 636 iddrnr’
260 562 420 643 ἀρνηθῆναι.
456 567 518 621 siin
542 566 620 621 dabit
647 569 747 622 Helnd.
765 569 799 620 ad
816 569 886 623 Plat.
904 569 971 639 Lys.
990 521 1050 625 m
1068 573 1134 657 ξιο-

111 643 171 707 lag·
184 635 317 757 {hircani
340 719 374 757 eo
402 687 514 770 deuenit
541 721 607 758 usus
634 677 665 758 ut
689 721 744 758 non
769 705 859 758 solum
887 707 966 760 cerdo
984 707 1033 760 ιιιιι·
1048 713 1130 778 nega·

110 774 223 827 tionem
242 770 489 839 comprehendenti
508 773 666 825 redundans
686 775 800 840 negatio
818 774 1015 841 subjiceretur!
1033 792 1130 830 verum

109 845 200 896 etiam
219 844 250 894 in
280 841 412 894 locutione
432 842 534 893 diserte
553 840 664 910 quidem
686 857 741 894 non
761 849 891 910 negante,
909 842 958 896 sed
979 860 1049 913 quae
1067 845 1139 898 dum*

87 911 239 964 'alterum
259 909 390 974 affirmat,
411 907 523 978 eo‘ipso
549 909 772 964 alterum‘mente
791 916 883 978 negat,
900 911 964 964 ,huic
983 915 1130 980 posteriori
1163 949 1165 952 -
1250 951 1253 958 ‚

110 979 247 1032 membro
276 979 389 1046 negatio
416 979 531 1048 insuper
556 977 718 1044 adderetur,
746 985 829 1048 atque
854 982 895 1032 ita
921 995 1020 1034 revera
1038 987 1128 1035 totum

32 1089 35 1094 .
129 1049 198 1100 lane
228 1047 453 1100 conturbaretur.
500 1045 548 1098 Sic
572 1049 620 1118 qui
644 1047 720 1110 dicit,
747 1049 826 1100 τοῦτο
839 1049 958 1118 ,μᾶλλον
987 1045 1089 1113 ποιήσω
1115 1051 1130 1114 ἢ

109 1120 211 1182 enervo,
229 1117 417 1168 affirmatione
443 1116 478 1168 ad
494 1113 573 1168 roden
596 1113 685 1168 relata
703 1121 793 1167 mente
811 1124 894 1186 negat
909 1116 983 1170 idem
1000 1125 1128 1188 respectu

110 1189 235 1239 desinon.-
260 1184 332 1253 quod
360 1181 472 1236 suffecit
491 1185 554 1235 usui
575 1181 609 1236 ad
629 1183 812 1252 effingendam
830 1183 977 1238 formulam
995 1185 1128 1258 ,siciliensi

111 1247 180 1307 οὐκ
197 1251 343 1314 ὶιιῒνι,.(1ι
361 1267 416 1324 qua
433 1250 495 1304 'vide
523 1253 608 1303 licen.
627 1258 656 1304 et
677 1253 752 1304 Bast.
772 1252 805 1304 ad
824 1253 908 1322 Greg.
929 1259 990 1308 Cor.
1011 1257 1065 1308 Ati.
1085 1254 1127 1309 tt.
1154 1243 1158 1262 ⁸

109 1323 185 1376 Nam
210 1323 390 1383 Hermanno,
413 1323 461 1390 qui
484 1322 531 1378 (ad
554 1319 647 1388 Viger.
671 1337 698 1388 p.
716 1319 905 1384 801.)’statuit
922 1325 1033 1376 nonnisi
1049 1339 1127 1392 prae·
1206 1321 1211 1328 '

16 1393 17 1398 ’
56 1411 63 1429 ·
111 1391 235 1444 cedente
263 1389 413 1474 negatione
440 1382 490 1456 (ori
511 1386 651 1459 μᾶλλονῆ
677 1380 745 1452 nv'),
771 1391 870 1465 saltem
895 1391 999 1444 latente
1027 1407 1061 1446 ea
1087 1391 1128 1460 (ri
1180 1389 1183 1394 “
1250 1449 1253 1460 Ι
1277 1393 1280 1398 ’

110 1455 258 1530 peritioni)
278 1461 338 1522 ov),
363 1459 404 1510 ita
429 1456 530 1509 dixisse
557 1457 681 1511 Graecos
706 1459 839 1510 accedere
865 1463 919 1512 tion
937 1457 1063 1530 possum:
1092 1477 1126 1512 eo

111 1531 224 1592 minus,
236 1527 310 1594 quod
326 1529 356 1577 in
374 1533 431 1577 tam
449 1527 543 1593 paucis
561 1541 631 1594 qnae
651 1523 741 1583 adhuc
759 1527 855 1580 afferri
872 1536 1018 1596 potuerunt
1036 1545 1127 1582 exem-

111 1597 166 1668 plis
184 1595 243 1647 hoc
262 1601 356 1646 tamen
378 1599 421 1647 est
438 1593 620 1664 Thucydidis,
645 1593 718 1664 quod
737 1611 787 1662 per
803 1599 975 1666 negationem
993 1600 1021 1650 in
1060 1597 1126 1648 riori
1144 1621 1149 1629 =

111 1670 196 1735 parte
217 1664 354 1716 latentem
377 1664 484 1716 nonnisi
502 1669 629 1716 contorte
654 1663 801 1716 admodum
820 1663 954 1732 explices:
976 1665 1002 1732 3,
1019 1614 1061 1716 dh.
1080 1664 1126 1716 ubi

112 1733 305 1786 Athenienses
335 1738 442 1783 mutata
468 1729 502 1784 de
532 1731 765 1800 Mytilenensibus
795 1736 1126 1802 sententiaicgnoscunt,

113 1794 196 1874 ὠμὸν
225 1817 290 1863 epse
314 1800 344 1853 τὸ
360 1795 494 1870 βούλευμα
518 1827 550 1838 ·-
571 1795 651 1852 πόλιν
672 1799 736 1864 ὅλην
754 1801 917 1888 dispungas
935 1804 1040 1873 μᾶλλον
1059 1800 1074 1866 ἢ
1094 1795 1125 1854 cri

39 1921 45 1928 ,
109 1871 174 1926 τούς
191 1870 304 1924 ulcio-nc.
348 1870 435 1922 lr'nmo
462 1869 577 1924 abusum
609 1866 683 1920 hunc
708 1871 823 1922 voculae
848 1889 879 1922 ov
904 1871 980 1922 nasci
1002 1871 1126 1938 potuisse

112 1954 217 1991 censeo
251 1937 362 1989 nonnisi
391 1931 431 1988 in'
448 1937 570 1989 formula
601 1937 780 2001 'affirmativa
809 1954 864 2006 qua
893 1940 1031 2008 posterior
1056 1954 1124 2004 pars

16 2045 17 2048 =
110 2013 253 2078 negatum
280 2021 334 2058 nou
361 2006 389 2058 in
418 2005 507 2058 altera
529 1998 560 2057 ον’
586 2003 785 2076 philomelus
802 2007 817 2071 ἢ
837 2008 927 2070 ἐκεῖνο,
952 2023 1008 2074 qua
1026 2008 1124 2060 cadem

111 2091 189 2144 pars,
210 2085 243 2128 et
261 2073 362 2126 lortius
376 2075 496 2144 quidem,
513 2074 674 2127 affirmatur,
707 2074 838 2141 Suspicor
856 2075 948 2144 itaque
966 2079 994 2127 in
1013 2076 1124 2127 vulvari
1143 2085 1145 2088 ·

111 2145 273 2197 Atticorum
299 2155 351 2194 usu
378 2141 530 2194 obtinuisse
553 2140 635 2204 illud,
649 2147 694 2193 ‘ut
719 2143 829 2211 quoties
848 2153 901 2212 ope
919 2146 997 2196 nocis
1020 2115 1125 2212 μᾶῗλιν

112 2229 176 2265 cum
203 2211 311 2264 affectu
335 2210 489 2282 negandum
515 2216 591 2262 esset
613 2209 735 2278 aliquid,
758 2212 819 2264 loco
836 2211 972 2264 formulae
988 2209 1124 2282 μᾶλλονῆ

112 2283 260 2334 diceretur
278 2279 363 2332 etiem
381 2279 485 2349 μᾶλλον
503 2277 518 2343 ἢ
534 2271 579 2344 οὓς
603 2280 676 2346 qu‘od
693 2281 722 2332 in
740 2277 966 2362 consuetudinem
987 2281 1055 2332 abiit
1072 2281 1121 2343 ita,

113 2359 144 2404 ut
162 2351 193 2402 in
215 2348 359 2419 contraria
376 2363 483 2418 quoque
504 2349 642 2400 sententie
667 2345 756 2400 eidem
775 2348 914 2402 formulae*
928 2351 1040 2417 negatio
1065 2358 1122 2401 tan·

28 2443 35 2448 ·
112 2425 173 2470 tum
192 2419 410 2486 praefigeretur:
433 2409 515 2468 οὐδὲν
529 2413 664 2486 pilioni)
684 2411 715 2467 od
735 2443 777 2468 -.
814 2419 935 2486 Utraque
955 2423 1046 2470 autem
1064 2417 1121 2468 lor·

113 2487 191 2538 mula
210 2501 274 2538 cum
296 2482 449 2537 admodum.
469 2485 535 2536 trita
555 2489 637 2547 esset,
663 2485 690 2534 in
717 2485 881 2556 optimorum
903 2487 986 2538 etiam
1005 2485 1121 2552 scripto·
1215 2495 1218 2502 ’

113 2571 173 2607 rum
201 2568 359 2607 sermonem
384 2569 414 2605 se
441 2554 607 2615 insinuavit,
634 2553 746 2604 auribus
776 2553 811 2606 ad
840 2553 909 2606 illud
934 2547 964 2606 oti
986 2570 1040 2605 non
1065 2568 1122 2604 am·

112 2623 187 2692 plius
223 2621 439 2674 attendentibus.
492 2622 570 2674 Unde
600 2621 653 2673 hoc
685 2623 793 2690 quoque
824 2623 1014 2690 explicandum
1045 2626 1122 2690 puto,

66 2746 72 2752 ,
113 2693 187 2761 quod
210 2691 242 2742 in
268 2691 330 2742 loco
355 2689 530 2758 Thucydidis
555 2691 637 2742 modo
664 2689 749 2742 allato
773 2691 913 2758 superflua
938 2691 1050 2759 negatio
1072 2700 1122 2758 per

113 2753 145 2812 ori
164 2761 245 2812 facta
263 2765 315 2822 est,
332 2773 386 2810 non
403 2773 454 2828 per
469 2753 519 2828 μή,
545 2759 616 2826 quod
636 2763 736 2810 natura
748 2760 1012 2814 enunciationis-ibi
1029 2759 1121 2826 requi-

17 2845 18 2848 *
86 2829 201 2884 ¹rebat.
243 2828 304 2880 lam
330 2841 347 2878 a
369 2827 490 2878 formula
509 2827 614 2896 μᾶλλον
631 2824 645 2890 ἦ
663 2827 753 2896 quoad
771 2827 934 2880 relationem
956 2829 995 2882 nil·
1012 2828 1121 2879 diversa
1159 2871 1163 2884 ,
1254 2823 1257 2832 ’

113 2904 158 2950 est
177 2896 301 2950 formula
316 2891 401 2951 ἄλλως
418 2893 448 2959 ἦε
474 2899 502 2948 et
525 2902 600 2948 recte
626 2895 724 2964 itaque·
742 2911 792 2948 nos
811 2899 840 2948 in
860 2895 913 2948 hac
931 2913 971 2950 or.
992 2895 1016 2962 ᾖ.
1034 2895 1068 2947 20
1094 2895 1119 2946 d.

107 2957 430 3033 intactum-reliquimus
451 2962 519 3016 hoc:

67 3041 70 3054 ¹
101 3101 105 3112 ,
183 3047 210 3100 εἰ
224 3048 317 3102 τοίνυν
335 3060 376 3100 τις
393 3043 471 3125 ὑμῶν
487 3043 572 3098 ἄλλως
589 3059 645 3098 πως
662 3044 716 3112 ἔχει
732 3043 779 3108 τὴν
798 3037 881 3118 ὀργὴν
900 3044 944 3104 inl
960 3042 1118 3108 Metilium}

267 3106 351 3168 otc-od
375 3112 440 3166 δεον
455 3103 542 3165 αὐτὸν
560 3107 705 3165 τεθνάναι·
724 3140 757 3176 -7
1067 3121 1077 3143 ο
1124 3136 1129 3143 .

115 3196 169 3247 Hic
187 3195 284 3258 etiam,
304 3195 368 3248 dum
386 3193 416 3263 td
435 3189 519 3250 ἄλλως
536 3208 591 3248 rums
608 3191 771 3256 affirmatur,
788 3197 906 3261 negatur
921 3191 950 3244 τὰ
968 3185 1049 3244 ds‘or:
1075 3189 1120 3242 vel

114 3270 146 3315 ut
164 3264 249 3316 aliter
263 3279 323 3323 ,rem
345 3264 468 3332 eloquar,
480 3260 565 3317 ἄλλως
580 3276 637 3316 πως
655 3261 710 3324 triv·
719 3256 830 3330 γνώμην
843 3263 900 3330 ἔχει
917 3258 932 3325 ἢ
949 3259 983 3314 nis
1000 3257 1065 3311 dior
1081 3257 1119 3310 nil

82 3381 85 3386 ,
117 3325 214 3386 differt
239 3331 343 3384 abillo
372 3323 493 3400 ἀρνεῖται
511 3328 546 3384 ὠς
564 3328 624 3380 dei:
647 3331 742 3398 itaque
770 3333 883 3396 negatio
912 3331 984 3380 sicut
1009 3329 1037 3380 in
1058 3326 1119 3388 hac,

114 3401 156 3452 ita
179 3403 209 3452 in
235 3401 285 3452 illa
308 3407 416 3472 quoqne
443 3399 562 3452 dictione
589 3399 673 3450 attice
696 3398 859 3452 inculcatur.
903 3401 984 3450 Certe
1011 3411 1079 3448 voce
1106 3393 1121 3458 ἦ

116 3467 272 3522 omittenda
296 3485 450 3520 sermonem
477 3483 561 3533 verpe
587 3467 688 3518 rationi
715 3483 768 3518 non
787 3466 953 3532 reddideris;
973 3465 1122 3534 epoptebat

94 3535 192 3590 'enini
212 3537 257 3588 liic
273 3552 391 3606 quoque,
411 3535 494 3591 ἄλλως
509 3553 566 3594 πως
582 3529 737 3604 γιγνώσκει,
756 3531 790 3588 ὥς
806 3525 844 3605 μὴ
860 3531 931 3598 δέον,
950 3549 1003 3584 non
1022 3525 1069 3584 esi:
1087 3539 1119 3584 ut

116 3611 191 3658 certe
210 3603 255 3656 hic
272 3606 349 3657 locus
369 3612 398 3658 et
415 3603 613 3672 Thucydideus
634 3602 682 3654 ille
698 3603 818 3654 invicem
838 3619 869 3668 se
885 3587 1050 3657 sustentenl.

184 3673 264 3726 Aliud
291 3673 446 3740 exemplum
472 3671 628 3740 negationis
639 3671 807 3738 -superlluae
824 3687 880 3724 non
899 3687 915 3722 a
934 3670 1018 3722 verbo
1038 3682 1120 3736 nega·

116 3742 183 3804 tivo,
201 3741 249 3794 sed
271 3758 288 3794 a
305 3741 400 3809 phrasi
424 3757 534 3795 sensum
564 3740 624 3808 ejus
642 3739 902 3810 comprehendente,
921 3739 1072 3806 pendentis,
1090 3741 1119 3788 et

113 3809 226 3930 quigem
244 3812 273 3863 in
292 3811 384 3863 forma
400 3806 445 3881 μή,
470 3821 556 3862 cose
583 3808 661 3860 codd.
690 3809 861 3894 restituimus
880 3807 906 3874 ξ.
922 3806 962 3860 lu.
984 3807 1010 3858 b.
1047 3805 1118 3860 Nam

96 3894 144 3936 Γιιι
181 3895 207 3930 is
398 3895 403 3900 ·

184 3952 465 4087 πολλάιπειζιοιιὲκασιν
493 3957 520 4008 ol
542 3950 623 4025 νόμοι
645 3956 698 4026 πρὸ
726 3953 773 4008 toi
802 3947 839 4025 ph
865 3954 896 4008 τὸ
920 3953 999 4023 σῶμα
1025 3949 1129 4010 Euneon

82 4081 84 4086 ,
163 4049 166 4058 ¹
263 4023 325 4100 νβρί
340 4041 370 4080 so
392 4043 422 4076 αι
536 4027 538 4034 “
827 4043 829 4048 ’
977 4085 978 4090 ¹
1150 4045 1152 4052 ⁴

58 4157 63 4164 ,
116 4103 236 4156 formula
252 4105 305 4172 apd
319 4105 368 4158 eod
386 4111 507 4174 cognata
523 4112 567 4158 cst
585 4106 625 4158 illi
644 4103 749 4174 μᾶλλον
764 4099 778 4166 ἢ
796 4115 847 4156 -2
870 4106 919 4153 aut
945 4101 1028 4153 etiam
1049 4097 1120 4150 haec

16 4225 21 4237 λ
116 4171 314 4227 πολλιὶιπιιιῖν
339 4174 391 4246 npd
411 4175 460 4228 rod
478 4201 511 4212 -
531 4173 602 4229 idem
626 4173 687 4225 lere
709 4175 774 4230 sunt
797 4171 870 4240 quod
896 4165 1007 4222 κωλύειν
1022 4167 1053 4219 sd
1072 4183 1120 4218 -z

119 4246 146 4293 et
170 4241 261 4296 eidem
284 4251 434 4324 propterca
454 4243 604 4312 ¹utrumque
632 4237 736 4296 dictum
761 4238 927 4294 elocutionis
944 4235 1123 4290 abnormitsti
