2888 4890
280 295 340 344 XIV
689 307 890 320 ······““·-·

282 450 381 511 ulmis·
398 451 490 509 aucto
514 447 669 510 contraria
692 448 889 528 optimatium
911 448 1126 532 nobiliumque
1145 454 1226 512 ratio
1240 451 1298 514 ob·

282 536 452 613 nitebatur,
471 555 567 614 quum
588 533 755 592 intestinae
775 534 880 612 iuuere
898 535 1068 614 inciperent
1081 539 1298 599 contentiones

284 626 317 682 et
349 621 461 698 vulgus
491 618 730 678 Atheniensium
763 619 795 677 in
825 639 882 678 sua
914 619 1075 700 republica
1106 620 1298 704 Graeciaque

283 709 473 766 auctoritate·
490 707 522 762 et
541 703 660 765 viribus
683 703 887 784 praepollens
907 691 1085 765 dhminandi
1103 706 1299 788 habendique

284 791 430 871 cupidine
458 790 598 864 arderet,
622 794 716 848 aucta
741 788 882 865 luxurie,
916 809 1022 854 rueres
1049 792 1299 870 depravabantur

283 878 521 954 animorumque
540 873 690 946 sollertia,
720 872 885 936 honestate
904 874 1037 954 abjecta,
1056 876 1088 934 in
1111 877 1151 936 iis
1175 877 1306 938 artibue'

282 959 477 1034 versabatur,
501 958 615 1043 quibus
639 977 727 1017 suam
754 959 889 1038 quisque
905 959 1073 1020 utilitatem
1089 982 1295 1042 consequere-

283 1049 347 1121 tur,
380 1046 510 1105 deornm
543 1041 647 1103 cultus
679 1043 718 1101 ad
754 1046 940 1124 sumptuosa
970 1045 1143 1122 sollemnia,
1178 1047 1300 1127 quibus·

283 1132 395 1190 oculos
414 1134 602 1209 ventresque
625 1133 806 1208 pascerent,
833 1129 981 1208 delapsus
1003 1131 1186 1210 religionem
1209 1152 1296 1191 ever·

203 1261 205 1268 s
282 1215 379 1291 tebat,
401 1215 521 1294 patriae
542 1214 654 1273 caritas
669 1211 910 1272 convertebatur
927 1215 958 1272 in
973 1214 1132 1274 libidinem
1144 1217 1294 1297 injustam

281 1301 425 1360 ditandae
453 1299 642 1380 reipublicae
670 1317 731 1357 non
759 1298 860 1358 solum
890 1317 961 1358 eum
982 1302 1112 1360 aliarum
1134 1303 1296 1362 civitatum

281 1386 405 1460 damno,
439 1385 494 1445 sed
521 1385 613 1442 etiarn
644 1381 964 1463 ipsius.reipublicae
997 1385 1219 1466 opulentorum
1253 1389 1296 1446 ci·

246 1471 377 1546 ‘vium,
397 1470 491 1548 vulgo
512 1489 575 1527 non
595 1469 717 1527 volente
738 1472 869 1548 utopes
890 1471 928 1527 ad
949 1470 1189 1550 rempublicam
1210 1472 1296 1531 adhi-
1336 1521 1347 1532 .
1425 1533 1426 1540 χ

280 1555 446 1630 berentur,
475 1554 530 1612 sed
555 1556 593 1610 ut
619 1553 806 1631 cupiditates
837 1573 913 1612 suae
947 1555 1159 1634 replerentur,
1187 1578 1295 1636 quam-

197 1705 199 1712 ,
231 1683 235 1694 .
280 1640 441 1700 obremin
472 1631 527 1697 ort
549 1637 674 1716 quidem
706 1635 862 1697 habebant
889 1638 974 1716 leges
1009 1641 1294 1723 incredibiliterque

278 1725 501 1804 multiplicatas
520 1723 552 1780 in
573 1721 700 1797 tabulis,
723 1721 779 1780 sed
802 1721 865 1779 vita
885 1722 925 1780 iis
946 1722 1087 1800 carebat,
1115 1725 1292 1786 humanitas

171 1804 173 1812 ’
279 1811 413 1889 denique
442 1807 682 1868 Atheniensium
709 1806 753 1864 ita
780 1807 1055 1885 relanguescebat,
1085 1813 1122 1868 ut
1152 1818 1184 1870 et
1208 1813 1292 1874 demi

278 1895 464 1974 temperatio
496 1885 632 1978 cipitatis
660 1891 836 1950 solveretur
860 1897 892 1949 et
913 1892 990 1952 foris
1010 1897 1192 1953 mercenarii
1212 1898 1292 1954 mili-

278 1983 327 2038 tes
356 1977 579 2058 rempublicam
610 1977 787 2056 proderent.
839 1972 990 2056 Opulenti
1016 1995 1144 2039 munera
1166 1980 1291 2060 publica

276 2084 339 2122 non
359 2063 431 2142 jam»
449 2063 509 2123 sibi
529 2059 643 2122 honori
663 2061 828 2137 ducebant,
852 2063 909 2120 sed·
931 2064 1185 2140 gravissimarum
1208 2066 1297 2145 injus

210 2163 215 2170 '
277 2148 394 2206 riarum
418 2150 488 2208 loco
513 2148 573 2206 sihi
592 2145 814 2219 numerabant3
843 2167 944 2226 neque
970 2150 1051 2207 enim
1072 2151 1132 2210 diis
1155 2155 1210 2210 aut
1231 2152 1291 2209 rei·
1335 2141 1340 2150 ¹

276 2233 420 2313 publicae
451 2232 775 2292 offerebant-suarum
798 2231 975 2292 divitiarum
1004 2240 1126 2313 partem
1147 2255 1289 2316 aequam,

276 2318 332 2377 sed
352 2319 457 2399 inique
479 2318 564 2396 vulgi
585 2317 790 2394 cupiditatum
811 2317 911 2394 gratia
931 2318 1067 2396 spoliare
1088 2340 1122 2377 se
1137 2321 1290 2399 cogeban-

276 2407 329 2462 tur
349 2423 384 2460 re
408 2405 545 2484 privata3
568 2421 630 2481 qua
649 2421 687 2459 ex
708 2419 743 2460 re
759 2421 820 2460 non
840 2406 966 2482 poterat
985 2405 1059 2483 quin
1083 2425 1290 2485 consequere·

275 2492 339 2564 tur,
361 2479 538 2548 ut‘nobiles
565 2485 769 2567 opulentique
793 2489 906 2566 partim
925 2508 987 2545 non
1006 2487 1184 2548 dubitarent
1205 2490 1289 2547 irau-

275 2572 368 2633 dibus
389 2593 455 2633 rem
484 2593 571 2632 suam
593 2591 718 2648 augere,
749 2573 873 2652 partim,
905 2572 997 2630 etiam
1018 2575 1213 2652 periclitante
1232 2594 1288 2652 pa·

126 2663 131 2678 ¹
171 2653 174 2658 ’
275 2659 355 2717 triae
375 2659 530 2740 libertate,
555 2655 631 2716 ioris
654 2657 888 2736 conjurationes
910 2656 1012 2716 iacere
1033 2659 1063 2715 in
1086 2659 1287 2716 evertendum

276 2744 387 2823 quovis
416 2745 519 2828 pretio
550 2735 703 2824 populare
743 2741 917 2820 imperium.
944 2807 946 2818 Ι
971 2737 1179 2801 Nihilominus
1203 2762 1287 2808 ,vero

273 2830 341 2888 fieri
362 2839 430 2898 rior)
447 2827 562 2907 potuit,
580 2831 617 2885 ut
628 2827 780 2904 pristinae
793 2825 1021 2902 magnitudinis
1048 2827 1287 2908 splendorisque

171 2971 176 2982 ,
272 2911 453 2973 memoriam
473 2915 639 2992 perderent
660 2909 868 2968 Athenienses
887 2911 1126 2990 desinerenlque
1156 2934 1194 2971 eo
1218 2914 1287 2989 glo-

272 2999 364 3071 riari3
391 2999 487 3056 immo
518 2997 665 3056 volebant
693 2995 803 3052 saltem
828 2996 996 3054 etiamtunc
1020 2995 1083 3055 illis
1113 2997 1284 3057 virtutibus

273 3084 376 3142 ornati
400 3083 507 3142 videri.
555 3079 628 3160 Quo
659 3099 765 3138 eorum
797 3081 902 3138 studio
930 3080 974 3139 ita
1003 3082 1051 3139 uti
1073 3086 1208 3160 poterat,
1230 3084 1285 3162 qui

270 3169 416 3227 incensos
431 3167 535 3243 vellet,
552 3171 589 3225 ut
608 3185 659 3224 res
681 3164 824 3245 pristinis
838 3165 946 3243 dignas
966 3170 1119 3242 gererent.
1167 3165 1284 3246 Quam·

271 3253 379 3313 obrem
398 3254 429 3311 in
451 3252 530 3312 hanc
551 3254 673 3331 partem
693 3250 800 3326 dirigit
820 3249 870 3307 vei
891 3249 1077 3311 concionans
1100 3253 1149 3310 vel
1171 3245 1295 3312 causas*

270 3357 368 3417 egens
397 3338 459 3396 vim
489 3337 640 3396 orationis
672 3356 748 3396 suae
782 3335 931 3394 candidus
963 3340 1072 3395 noster
1103 3342 1136 3396 et
1162 3339 1283 3416 patriae

227 3423 229 3430 ’
270 3443 377 3490 amans
394 3419 638 3508 Demosthenes,
660 3425 698 3479 ut
714 3418 925 3480 Athenienses
943 3422 1140 3482 nuncvalacri
1163 3423 1283 3502 patriae

190 3502 196 3506 ’
269 3509 477 3567 detendendae
501 3507 606 3566 studio
627 3503 849 3586 inflammaret,
871 3525 954 3565 nune
974 3507 1117 3566 eveheret
1137 3508 1175 3566 ad
1184 3508 1282 3587 justi·

268 3595 345 3653 tiam
367 3594 558 3652 servandam.

354 3675 423 3737 Hoc
446 3678 570 3756 quidem
590 3673 682 3733 nobis
711 3675 842 3734 maxime
862 3676 1028 3734 tenendum
1048 3678 1098 3734 est
1117 3678 1148 3733 et
1171 3673 1280 3734 Midia-

164 3805 178 3825 .
267 3783 339 3824 nam
362 3761 548 3841 legentibus,
580 3760 652 3839 quia
674 3759 760 3818 litem
784 3782 818 3820 se
840 3761 886 3818 ita
915 3760 1116 3820 obtenturum
1139 3780 1221 3835 esse,
1243 3763 1281 3818 ut

201 3879 203 3886 ¹
268 3849 370 3922 vellet,
399 3846 525 3928 sperar'e
551 3844 604 3903 ille
627 3866 688 3904 non
710 3849 845 3920 poterat,
866 3846 926 3904 nisi
945 3846 1088 3924 judicum
1109 3845 1219 3903 animis
1242 3865 1280 3903 ex

251 3933 413 3994 'sordibus
444 3934 481 3992 ad
514 3931 688 3991 honestatis
716 3932 880 3988 candorem
900 3929 1026 3988 evectis.
1067 3925 1175 4009 Neque
1197 3931 1279 3988 enim
1313 3951 1317 3956 ·

255 4019 430 4078 'honestate
448 4017 583 4097 permoti
603 4016 663 4074 illis
693 4013 889 4095 temporibus
913 4014 1092 4094 trequentes
1112 4014 1280 4093 injudicio
1390 4051 1396 4060 -

245 4103 466 4176 ,confluebant
486 4101 706 4177 Athenienses,
732 4102 787 4160 sed
802 4098 932 4180 judiciis
955 4103 988 4157 et
1007 4099 1111 4177 gravis
1133 4118 1204 4158 esse
1221 4119 1279 4177 po·

265 4191 346 4249 terat
375 4185 533 4250 nobilibus
562 4179 782 4268 opulehtisque
810 4184 980 4245 multitudo
1009 4184 1214 4287 dominatpix,
1246 4183 1279 4241 et
