2860 4890
242 299 305 370 tal
648 327 850 344 ---—
942 266 943 274 ‘

244 469 278 523 tit
296 468 396 522 lectio:
414 465 453 535 spi
468 465 513 520 Ari
528 461 568 538 spi
585 465 615 518 lv
632 469 671 518 To
695 457 761 584 dqp.
790 461 861 516 Nam
879 465 909 516 in
927 425 997 530 ipsis
1017 462 1122 528 montis
1141 463 1263 516 Tomari

735 513 743 532 d·

244 537 385 592 radicibus
403 534 636 602 templumtam
677 537 722 586 tra
743 547 804 594 one,
821 533 905 623 situm
927 536 998 585 erat.¹

570 649 592 692 1
647 677 654 692 .
743 688 767 732 ἢ
915 645 937 690 ἢ

315 786 396 850 Quae
422 791 487 840 ante
508 783 560 838 hos
578 779 685 840 xxix.
709 797 798 836 annos
824 785 933 837 tantum
951 796 1006 834 non
1026 778 1183 838 certissima
1200 782 1264 834 visa

181 855 183 862 ’
248 861 314 912 sunt
342 870 376 906 ac
402 853 533 911 fortassis
560 851 806 908 etiamnum‘aliis
829 851 871 904 ita
897 850 1040 914 videntur,
1071 849 1168 904 eadem
1199 849 1263 920 ipse

246 916 332 978 hodia
364 939 451 994 cogor
476 922 525 982 alii
550 923 651 978 rationi
678 917 857 990 posthabere.
905 917 1185 987 Quampriusquam
1214 933 1263 973 ex·

250 1007 352 1062 ponam
393 1007 446 1064 ope
477 1005 613 1048 novorum
646 987 846 1052 subsidiorum,
885 985 919 1040 de
953 989 1089 1040 varietate
1120 987 1264 1050 lectionis,

250 1073 407 1130 quanquam
432 1075 533 1112 revers
557 1059 628 1112 haec
650 1057 714 1112 inde
732 1072 793 1110 ‘nou
820 1062 946 1120 anatur,
971 1055 1129 1108 accuratius
1148 1070 1265 1110 monen-

252 1131 315 1182 dum
339 1133 390 1182 est.
431 1127 548 1182 codices
569 1126 639 1197 Aug.
664 1133 691 1180 et
718 1123 845 1178 Parisii
887 1125 913 1177 is
939 1124 1059 1177 oraculis
1087 1133 1184 1178 carent
1203 1141 1264 1178 om·

252 1199 327 1252 nino.
367 1195 390 1248 E
416 1198 515 1250 celeris
537 1199 584 1270 qui
602 1194 675 1266 apud
702 1191 845 1250 Reislnium
869 1198 1063 1254 memorantur¹
1086 1193 1162 1245 solus
1192 1193 1265 1250 Bar,

253 1281 289 1320 ox
305 1267 416 1334 integro
432 1265 549 1320 collatus
569 1271 625 1330 est3
651 1265 693 1318 ita
712 1269 742 1315 ut
762 1279 797 1316 ex
814 1263 924 1316 silentio
948 1260 981 1314 da
994 1261 1100 1314 vceteris
1121 1261 1190 1321 nihil
1205 1263 1263 1314 ool-

219 1380 222 1400 ,
252 1335 302 1404 ligi
324 1335 428 1402 possit:
448 1335 565 1390 silentur
584 1340 677 1392 autem
696 1331 738 1384 ibi
754 1331 783 1384 in
802 1330 846 1402 hjs
867 1331 988 1384 oraculis
1005 1345 1116 1404 omnes,
1150 1340 1266 1398 praeter

232 1403 375 1473 paucula
397 1418 468 1472 quae
490 1419 506 1457 e
531 1401 665 1456 Paris‘l.
693 1400 854 1453 afferuntur.
896 1400 1047 1468 ltaque.in
1074 1415 1187 1452 censum
1216 1399 1269 1454 hic.

51 1523 53 1530 ,
145 1529 147 1542 ,
237 1472 368 1526 ¹veniunt
389 1478 502 1540 praeter
523 1471 591 1528 Bar.
613 1469 666 1524 soli
696 1476 761 1522 octo
779 1467 909 1536 Belsllcri.
955 1469 1017 1520 dam
1044 1467 1073 1518 in
1101 1469 1145 1521 his
1174 1470 1266 1521 omni·

150 1865 154 1882 ,
204 1851 212 1869 r
255 1817 381 1900 margine
403 1813 487 1868 habet
508 1832 627 1885 τομαρω.
669 1812 710 1864 Ex

211 1605 214 1608 ,
253 1541 308 1594 bus
332 1539 378 1592 hio
403 1541 507 1609 legitur
527 1531 585 1592 miv
610 1531 743 1612 ἄροτρεῖς,
763 1537 820 1590 τῶν
839 1529 966 1608 ἄροτρὶς,·
986 1535 1041 1588 τῶν
1058 1527 1182 1608 δρωτρδς,
1208 1538 1267 1596 τῶν,

255 1603 397 1680 o'cporpsio,¹
412 1609 465 1662 nisi
491 1609 565 1678 quod
592 1609 678 1678 aliqui
703 1613 768 1676 post
788 1599 845 1676 ἆρω
875 1611 923 1657 aut
949 1603 1068 1672 spatiolo
1086 1611 1135 1656 aut
1152 1607 1266 1676 virgula

255 1675 441 1746 distinguunt,
463 1691 535 1730 unus
560 1683 654 1730 autern
681 1674 801 1728 Parisr
825 1673 1002 1748 (quanquam
1026 1687 1043 1724 e
1069 1676 1265 1742 correctione)

254 1747 297 1799 ita
316 1743 387 1809 haee
407 1744 533 1798 exhibet:
561 1744 603 1798 roi
618 1762 691 1814 ναρω
710 1747 788 1866 rqpis.
830 1743 981 1823 Praeterea
1000 1739 1068 1796 cod.
1085 1745 1213 1824 Antoerp.
1233 1745 1265 1798 in

754 1827 778 1864 rs
803 1812 931 1868 omnibus
951 1817 1076 1880 apparet,
1097 1819 1264 1880 scripturam

254 1883 296 1954 τῷ
319 1883 438 1954 operosis
464 1897 526 1938 cnm
553 1897 640 1934 vacuo
662 1881 737 1933 inter·
762 1880 832 1932 haec
852 1879 906 1932 duo
926 1879 1014 1960 rerba
1036 1881 1128 1946 spatio
1151 1898 1166 1933 a
1186 1882 1265 1937 nullo

256 1949 351 2004 codice
371 1967 446 2003 esse:
465 1951 515 2004 sed
536 1947 634 2004 elidum
656 1955 768 2004 servata
788 1948 929 2022 scriptura
949 1947 1074 2020 ωροτρεῖς,
1094 1963 1176 2016 quam
1198 1967 1265 2016 pro·

220 2068 223 2076 .
254 2021 350 2086 habat,
367 2034 418 2086 pro
437 2019 659 2074 consurrexisse
677 2017 724 2090 τῷ,
735 2023 825 2070 ratum
845 2032 999 2138 coqnomen
1013 2017 1098 2068 'loris
1117 2019 1266 2080 excidisse.

255 2089 332 2142 Male
357 2088 444 2158 igitur
466 2095 608 2144 corrector
627 2087 746 2157 exempli
769 2087 844 2138 illius
861 2087 976 2139 Adinao
992 2085 1172 2154 Lessingiani
1188 2087 1266 2142 istud

203 2191 205 2207 .
255 2153 330 2226 νάρω
353 2158 473 2212 inseruit
497 2164 563 2212 ante
588 2148 719 2230 ἆροτρεῖς,
743 2171 807 2212 ,oum
830 2157 923 2223 potius
945 2153 986 2226 τῷ
1010 2153 1083 2241 ναρω
1103 2161 1133 2208 et
1152 2173 1265 2228 τομαρω

255 2226 425 2282 variationes
441 2228 497 2280 sint
513 2225 557 2280 vel
578 2227 768 2279 correctiones
786 2223 958 2294 syllabarum
972 2221 1029 2275 τ’ὥν
1047 2227 1129 2295 αρο-.’
1139 2223 1266 2294 Scriptu-

256 2309 316 2346 ram
346 2295 461 2364 deniqne
486 2295 525 2348 roi
545 2293 701 2362 Δωδωναίῳ
726 2309 831 2346 merum
858 2308 921 2345 essa
955 2297 1021 2359 puto
1051 2293 1167 2346 lacunae
1188 2293 1266 2348 illius

256 2363 371 2416 Aldinae
389 2347 612 2430 supplementum
628 2375 665 2416 ex
682 2363 794 2446 ingenio
812 2361 930 2430 alicuius
953 2368 1063 2436 natnm;
1082 2347 1155 2428 quod
1175 2363 1281 2417 doneo'
1302 2423 1306 2438 Ι

258 2447 274 2484 o
302 2437 393 2506 mspto
419 2433 512 2500 aliquo
539 2431 688 2494 afferatur,
717 2448 746 2484 rn
772 2431 855 2484 edilis
883 2432 989 2505 tanturm
1013 2437 1111 2487 extare
1136 2433 1265 2486 credam=
1285 2463 1304 2479 .-

257 2501 351 2552 nescio
372 2506 464 2564 autern
481 2517 517 2553 an
536 2501 566 2554 in
582 2499 676 2568 aliqua
692 2500 750 2568 jam
766 2515 801 2552 ex
821 2497 1023 2566 antiquioribus
1037 2497 1167 2552 'Parisino
1188 2501 1265 2554 1570.

257 2577 427 2636 compareat.
453 2571 555 2622 ¹Certo
582 2569 724 2638 Tayloro,
755 2567 803 2636 qui
829 2573 942 2687 plraeter
968 2565 1094 2618 Aldinam
1113 2577 1215 2623 ceteros
1235 2567 1266 2622 id

258 2635 389 2690 exhibere
407 2637 514 2704 prodit,
536 2637 613 2691 nulla
630 2637 714 2690 fides:
727 2665 730 2683 n
742 2652 807 2688 nam
857 2637 1007 2704 erragiana
1033 2637 1123 2703 prima
1140 2644 1215 2690 certe
1235 2643 1268 2690 et

257 2705 533 2758 Paulo-Manutiana
558 2705 678 2758 hicnon
703 2705 834 2758 differunt
856 2705 891 2758 ab
911 2705 1018 2756 Aldina.
1055 2704 1192 2776 Quicquid
1211 2711 1267 2770 est,

258 2771 403 2828 Dodonaei
428 2775 506 2827 lovis
533 2773 657 2844 epitheto
684 2774 762 2826 loeus
790 2773 836 2826 hio
866 2789 929 2826 esse
958 2789 1012 2824 non
1042 2779 1143 2842 potest,
1173 2775 1209 2828 ob
1236 2775 1266 2828 id

256 2843 346 2914 ipsum
364 2842 436 2912 quod
462 2843 596 2897 Dodonae
617 2841 671 2896 hoo
691 2843 833 2896 oraculum
854 2843 947 2894 datum
967 2846 1019 2895 cst.
1036 2885 1041 2897 .
1056 2839 1158 2894 Verum
1178 2843 1269 2914 igitur

166 2915 171 2927 ’
257 2922 357 2964 nomen
376 2913 448 2965 latet
468 2913 497 2964 in
515 2911 573 2964 illis
590 2911 747 2982 scripturis,
772 2927 807 2964 ex
827 2911 926 2980 quibus
944 2925 1000 2962 non
1021 2909 1152 2968 minimae
1170 2919 1267 2968 aucto-

257 2979 350 3034 ritatis
369 2986 413 3034 est
430 2979 502 3034 haec
521 2978 561 3034 coi
579 2999 613 3032 να
655 3017 662 3034 .
1228 3004 1231 3012 ¹

172 3061 174 3068 ’
325 3049 386 3102 lam
405 3049 469 3100 ride
492 3065 564 3119 quae
585 2997 665 3102 nohis
684 3055 782 3108 narrat
799 3045 956 3119 Stephanos
974 3046 1046 3115 Byz.
1064 3047 1093 3103 in
1110 3039 1269 3118 fragmento

194 3157 204 3176 ,
258 3117 349 3196 operis
375 3116 506 3186 plenioris
530 3119 559 3172 iu
582 3134 608 3170 v.
632 3111 764 3182 Aoddvq:
794 3115 841 3168 ubi
867 3115 1006 3168 mentione
1031 3113 1208 3180 samalach,
1227 3119 1267 3170 le-

246 3189 347 3254 ·grtur:
385 3178 436 3237 τὸν
462 3185 495 3240 δὲ
514 3185 681 3240 Δωδωναῖον
695 3187 788 3254 ἔλεγον
804 3182 850 3236 καὶ
868 3185 962 3236 coion:
997 3185 1113 3267 quaein
1136 3185 1266 3254 Epitomo

258 3252 347 3324 magis
363 3254 456 3306 etiam
481 3254 634 3310 obscurata
656 3263 721 3308 sunt
749 3254 889 3322 scriptura
910 3257 1052 3306 Κανναιον,
1072 3263 1074 3272 ‘
1093 3252 1125 3306 lu
1142 3269 1198 3306 uno
1218 3271 1267 3318 au·

259 3327 353 3374 teme
382 3319 495 3376 scholiis
521 3321 556 3376 ad
586 3325 614 3376 lt.
636 3341 663 3386 π,
691 3319 750 3376 233.
774 3322 849 3399 quod
878 3329 913 3373 ex
939 3321 1036 3374 eodem
1064 3336 1118 3390 quo
1150 3319 1267 3392 Stepha-
1339 3341 1343 3349 ·

259 3405 312 3442 uus
338 3389 414 3444 fonto
440 3391 583 3462 complura
606 3387 732 3454 exhibet,
763 3389 951 3451 haenetiam'
969 3391 1076 3458 scripta
1093 3395 1171 3443 sunt:
1199 3391 1268 3446 ὅδὲ

259 3457 422 3514 Δωδωναῖος
441 3457 487 3512 καὶ
512 3466 587 3516 nnius
611 3460 681 3524 (sic,
705 3461 767 3512 sine
792 3465 923 3522 accentu,
957 3464 989 3512 ut
1011 3459 1134 3520 omnia)·
1165 3457 1270 3532 ὑδρηλοὶ

259 3526 313 3598 γὰρ
330 3524 364 3580 νδ
381 3526 434 3580 ἐκεῖ
446 3529 543 3600 χωρία.
581 3528 659 3591 Quae
677 3527 815 3582 derivatio
836 3528 895 3580 sive
915 3543 983 3580 vera
1001 3534 1046 3580 est
1064 3529 1123 3582 sire
1140 3544 1205 3592 non,
1221 3533 1267 3584 r'e-
1365 3565 1369 3574 -

259 3596 321 3647 runi
336 3593 391 3648 hoc
408 3602 504 3648 tannen
522 3613 585 3650 esso
600 3612 700 3653 nomen
719 3598 900 3650 demonstrat.
942 3594 1093 3664 Epitheton
1116 3598 1203 3666 igitur
1220 3599 1268 3654 lo·

260 3665 302 3716 ris
320 3679 401 3732 quem
421 3666 504 3718 ceteri
518 3665 622 3718 Graeci
634 3665 800 3719 Δωδωναῖον
814 3665 992 3735 appellabant
1004 3667 1034 3718 in
1051 3667 1115 3730 ipsa
1127 3665 1268 3738 Thespro·

261 3738 351 3785 torum
374 3742 451 3785 terra
473 3733 527 3786 luit
553 3733 567 3786 ὁ
589 3729 681 3792 Noites.
722 3735 784 3788 lam
809 3751 869 3786 cum
887 3734 1021 3786 facillima
1038 3733 1077 3786 sit
1099 3736 1128 3786 in
1148 3738 1268 3805 antiqui·

260 3803 303 3854 ori
326 3801 465 3869 scriptura
489 3802 646 3868 litterarum
672 3809 734 3856 iet
753 3811 783 3855 Ρ·
793 3801 933 3856 conlusio:
959 3802 1189 3856 verisimillimum
1206 3821 1268 3858 esse

261 3875 343 3936 puto,
372 3876 530 3938 corruptum
555 3888 618 3928 essa
644 3871 712 3924 illud
737 3871 776 3930 roi
799 3889 873 3942 ναρω
897 3885 931 3924 ex
958 3872 1072 3940 antiquo
1096 3877 1125 3924 et
1145 3889 1212 3926 roro
1229 3872 1271 3942 spi

259 3933 343 4005 Ναΐῳ.
387 3939 456 3990 illud
480 3947 574 4010 autem
597 3958 721 4012 τομαρωι
751 3955 814 3992 nam
842 3954 937 3992 casum
963 3945 1021 4005 tam
1047 3940 1197 4006 eruditum,
1220 3943 1269 4010 qui

261 4005 412 4060 'l'omarum
434 4023 495 4060 cum
515 4009 635 4062 Dodona
654 4009 804 4077 copularit,
832 4013 959 4059 statuere
983 4023 1037 4060 nou
1056 4023 1183 4075 possum:
1218 4019 1268 4066 aut

260 4073 416 4128 euraldo
433 4073 531 4142 fallor,
558 4081 674 4139 anteat
696 4092 714 4128 a
734 4092 822 4142 manu
839 4077 893 4128 viri
913 4076 1006 4138 docti,
1033 4077 1078 4130 cui
1108 4087 1268 4148 corruptum

259 4089 329 4194 iffud
353 4141 394 4212 cp*
409 4161 483 4214 ννρω
508 4145 706 4213 contemplanti
730 4145 758 4198 iu
785 4151 905 4198 mentem
933 4146 1011 4198 venit
1037 4141 1163 4216 Τομδρου
1179 4154 1209 4199 et
1224 4163 1268 4200 ce·

261 4217 390 4288 tenorum¹
405 4210 475 4266 bene
509 4213 657 4266 multorum
688 4227 758 4282 quae
786 4214 932 4281 conjuncta
964 4213 1004 4268 illi
1036 4215 1141 4272 nomini
1167 4215 1268 4274 Strabo

859 4291 875 4316 Ι

591 4349 598 4378 Ι
640 4333 642 4342 .
