2888 4890
129 1124 260 1222 luhac
283 1149 431 1216 oratioue
455 1147 565 1210 denuo
593 1143 721 1209 edenda
751 1149 786 1208 et
808 1143 1145 1237 animadversionibus

127 1263 325 1348 illustranda
344 1259 461 1324 iisdem
478 1256 519 1319 de
544 1251 657 1318 causis
681 1259 715 1318 et
737 1257 852 1330 eodem
870 1257 981 1341 modo,
998 1265 1098 1346 atque
1114 1261 1148 1326 in
1220 1315 1224 1325 ,

127 1372 281 1441 Platonis
310 1367 474 1452 dialogis,
508 1385 642 1452 operam
672 1357 775 1447 posui.
825 1360 962 1438 Utilitas
999 1371 1071 1452 ejus
1106 1371 1150 1434 ad
1188 1451 1190 1457 k
1263 1345 1267 1352 ,

128 1482 308 1550 lectionem
337 1483 371 1542 et
399 1471 633 1538 scholasticam
666 1477 701 1536 et
727 1473 953 1538 academicam
980 1499 1044 1542 usu
1064 1479 1149 1544 satis
1223 1523 1228 1529 ,

130 1612 220 1658 nunc
241 1591 391 1653 constat:
412 1584 455 1647 ad
479 1581 743 1646 constituendum
766 1588 876 1646 autem
897 1588 1023 1650 textum
1048 1593 1083 1651 et
1106 1589 1150 1652 ad

135 1697 337 1765 enarrandas
357 1700 424 1757 tum
452 1713 508 1755 res
531 1696 601 1754 tum
622 1687 779 1774 linguam,
802 1695 853 1754 tot
874 1693 1072 1760 adminicula
1093 1697 1150 1761 ho·
1264 1677 1266 1688 ¹

136 1809 187 1872 die
207 1806 439 1882 accesserunt,
472 1804 511 1862 ut
537 1797 588 1860 his
617 1797 716 1862 etiam
738 1796 868 1864 dotibus
893 1803 1095 1870 cumulatum
1114 1806 1151 1870 li·
1203 1849 1207 1860 ,

132 1915 254 2016 bellum
276 1913 394 2000 iterum
417 1905 588 1993 discipulis
611 1903 847 1994 magistrisque
871 1911 1005 1976 tradere
1028 1937 1150 2000 operae

128 2023 272 2124 pretium
292 2019 453 2086 videatur.
480 2015 597 2104 ltaque
617 2014 785 2102 aliquanto
807 2018 915 2102 magis
936 2031 980 2085 ex
997 2023 1152 2108 professo

133 2155 191 2198 res
216 2127 442 2216 aggredienda
473 2132 561 2206 erat,
598 2147 694 2212 quam
723 2125 756 2188 in
785 2125 921 2205 consilio
945 2129 1022 2194 olim
1040 2131 1186 2223 fueratg
1309 2115 1316 2140 ¹

111 2239 341 2328 -Spaldingiu
366 2235 492 2322 Quippe
521 2233 572 2300 vir
601 2233 657 2298 ille
683 2231 837 2324 'optimus
860 2238 954 2318 cujus
976 2239 1011 2304 'et
1032 2264 1152 2308 memo-

133 2352 205 2417 riae
238 2344 409 2414 dulcedine
436 2351 470 2409 et
498 2340 651 2408 desiderii
686 2342 869 2408 acerbitate
904 2346 1047 2413 imbutus
1075 2373 1152 2418 esse

115 2459 264 2540 ‘animus
286 2477 379 2520 meus
397 2473 563 2540 nunquam
586 2451 726 2533 desinet,
747 2453 927 2519 orationem
948 2456 1039 2524 hanc
1056 2461 1154 2542 ,scho-

135 2569 178 2634 lis
200 2566 269 2632 suis
295 2563 467 2649 delegerat
485 2583 551 2654 non
571 2583 633 2650 quo
653 2561 757 2626 multa
773 2563 816 2626 ad
837 2585 910 2630 eam
929 2565 1177 2638 adornandam
1204 2599 1207 2606 s

136 2679 339 2762 praeparata
363 2657 425 2737 sibi
448 2676 573 2750 esseut,
599 2669 659 2734 scd
681 2650 834 2757 duoniam
853 2672 973 2739 idonea
996 2683 1050 2742 est
1069 2678 1155 2744 visa.
1188 2666 1208 2740 s

136 2779 516 2872 Ideoquetumultuaria
539 2783 680 2862 tautum,
716 2782 812 2864 cujus
840 2787 874 2846 et
894 2783 967 2870 ips'e
987 2773 1177 2874 particeps

139 2917 247 2976 eram,
279 2914 380 2979 opera
409 2911 484 2972 eam
510 2885 715 2974 profligavit,
745 2887 789 2952 ad
818 2889 1048 2961 illustrandam
1079 2919 1154 2964 eam

138 3001 266 3082 nonnisi
293 3022 378 3089 quae
406 3006 476 3064 tum
505 2998 549 3062 ad
576 3017 693 3060 uranus
709 3003 816 3068 „erant
845 2989 1037 3088 decerpens,
1060 3011 1157 3072 etex

141 3111 322 3177 cultissimo
359 3131 420 3174 suo
453 3105 602 3192 ingenio,
635 3126 721 3192 quae
751 3099 837 3172 inter
867 3107 975 3196 ipsum
1008 3111 1157 3180 laborem

140 3217 429 3298 subnasccrentur‚
458 3214 638 3280 observata
659 3216 796 3280 addens.

226 3327 302 3413 Ego
328 3332 366 3408 ut
391 3337 512 3391 novum
542 3322 640 3409 plone
672 3323 791 3389 librum
820 3326 917 3393 hodie
945 3352 1157 3415 procurarem

140 3443 213 3522 ejus
235 3435 312 3500 mihi
333 3431 476 3498 officium
497 3439 626 3516 tempus
647 3432 754 3520 ipsum
775 3441 808 3499 et
828 3435 933 3517 multa¹
953 3459 1017 3526 qua
1035 3443 1158 3526 gaude-

140 3547 218 3612 bam
241 3541 469 3632 opportunitas
491 3536 655 3626 imposuit.
703 3539 742 3604 ln
772 3563 837 3628 qua
863 3544 926 3610 hoc
952 3548 1158 3632 potissimum

141 3663 206 3736 est,
231 3654 324 3746 quod
340 3652 427 3716 sicut
448 3651 481 3714 in
494 3649 644 3714 Platonis
657 3649 809 3735 dialogiS,
825 3651 986 3718 ditissima
1000 3656 1163 3724 Behkeri

68 3755 73 3764 ’
141 3786 228 3848 penu
259 3763 307 3834 uti
339 3761 416 3826 mihi
441 3759 574 3827 licebat.
632 3757 739 3841 Hujus
767 3760 851 3824 enim
877 3761 938 3826 viri
966 3765 1186 3854 amicissimi,
1305 3795 1307 3804 ’

146 3888 248 3958 opera
266 3869 440 3936 elaborata
473 3867 613 3932 omnium
634 3869 869 3968 Demosthenis
890 3871 1073 3940 orationum
1094 3875 1159 3940 edi-

143 3979 189 4044 tio
213 3978 346 4045 tametsi
369 3978 445 4042 dum
466 3977 553 4042 hacc
575 3976 684 4041 scribo
713 3977 821 4070 lucem
842 3979 873 4042 in
899 3980 1075 4050 Germania
1094 3982 1159 4048 sal.

144 4092 211 4152 tem
229 4087 373 4152 nondum
392 4085 485 4170 vidit,
503 4079 699 4165 schedarum
721 4091 833 4170 tapren
856 4089 941 4170 ejus,
963 4090 1161 4162 varietatem

17 4250 23 4260 .
144 4192 295 4262 lectionis
320 4195 478 4282 codicum'
491 4193 534 4260 ab
558 4215 597 4261 eo
626 4191 822 4272 collatorum
840 4217 969 4261 ornnem
994 4199 1161 4274 coutinen-

938 4304 959 4356 ‘s

324 4499 458 4692 '·„.
520 4526 793 4670 uauueo
