2888 4890
117 473 120 480 .
526 380 803 480 nncnnsm

174 519 459 590 rnrnctruoauit
475 527 595 610 ‚nutus
623 531 812 598 unitionis
828 531 1150 594 summouentium.

158 673 343 769 CODICUM
362 713 623 784 manuscriptorum,
642 731 761 785 qnorum.
776 725 841 773 ante
852 717 1009 772 Bekhemm
1024 735 1090 774 usur
1110 720 1168 773 sdi-

65 847 69 854 ,
158 791 264 856 toribus
281 788 345 849 suit,
367 789 506 860 potissimi
528 797 594 842 sunt
614 789 781 856 Paririenrer
804 793 922 857 Morelii,
941 797 975 848 de
995 795 1092 863 quihus
1111 796 1168 849 rid.

158 858 296 915 inirnuhi
326 857 360 909 de
381 856 456 910 Edit.
473 857 577 924 l’aris.;
605 863 634 913 et
654 851 806 932 Reipldani.
850 862 961 915 illorum
979 880 1039 917 cum
1061 865 1168 917 nullum

158 929 272 984 Bether
289 926 316 978 in
329 921 532 989 Pariiensibus
552 929 612 980 suis
629 943 782 997 agnoscere
817 933 930 998 emerit,
940 938 970 983 ut
988 933 1022 984 ab
1043 931 1087 984 his
1103 935 1167 985 iilos

159 1011 339 1060 secernerem,
361 995 451 1062 siglae
473 993 540 1046 Por.
567 997 627 1052 sive
654 997 745 1060 Poris.
767 947 857 1054 addidi
876 1013 1017 1054 nnmerum
1034 1016 1088 1070 quo
1105 1001 1167 1066 Mo·

160 1069 244 1136 polius
261 1081 311 1118 eos
329 1061 610 1128 distinxit,Paris.·1.
633 1072 685 1119 cet.
1099 1115 1105 1134 „

194 1133 196 1136 ’
228 1132 357 1202 ileishius
377 1131 447 1197 dnps
464 1133 575 1186 codices
593 1135 653 1202 ipse
675 1133 825 1212 diiigenter
841 1135 958 1189 contulit
977 1135 1046 1191 hos:

309 1200 381 1269 Aug.
403 1229 438 1240 —-
458 1201 504 1268 qni
531 1201 603 1286 apud
621 1202 698 1255 illum
720 1212 765 1258 cst
782 1207 957 1274 Augustanus
976 1206 993 1258 Ι.
1093 1223 1097 1231 ’

309 1267 378 1338 Boo.
402 1270 619 1390 -tBarprrcus,
644 1272 786 1330 Monachii
811 1273 970 1336 etiamnum,
995 1274 1102 1344 opinor,
1125 1292 1170 1328 as·

361 1353 442 1390 serra
456 1354 498 1390 us.
562 1385 564 1398 ,
1148 1363 1152 1370 -

228 1411 399 1470 Ceterorum,
417 1408 465 1476 qui
482 1406 592 1478 nonnisi
611 1406 728 1478 singulis
746 1407 907 1478 quibusdam
926 1409 996 1464 iocis
1014 1412 1169 1481 a'l'ayloro

160 1477 277 1545 aliisque
301 1476 421 1543 inspecti
444 1476 571 1538 luerunt,-
593 1488 780 1546 quorumque,
807 1487 838 1542 ut
863 1477 1046 1543 Boruceiani,
1066 1480 1170 1546 Italici,

160 1547 273 1602 nonnisi
298 1546 415 1612 exiguus
440 1560 505 1598 usus
530 1545 593 1609 fuit,
619 1547 746 1600 notitiam
765 1562 866 1616 quaere
887 1547 915 1600 in
934 1549 1041 1613 Reishii
1058 1551 1169 1618 praeia-
1268 1587 1275 1604 ,

160 1615 248 1667 tione·

232 1680 256 1731 ii
277 1679 434 1746 codicibus,
457 1697 527 1752 quos
549 1681 628 1735 Imm.
646 1679 752 1736 Better
776 1667 902 1756 idtegros
926 1699 1023 1751 pmnes
1041 1686 1170 1751 contulit,

162 1743 314 1802 Midianam
334 1751 475 1832 continent
499 1751 542 1804 hi:
835 1756 837 1762 '

308 1817 485 1882 Parisicnrcr,
503 1821 526 1873 si
549 1819 606 1871 nati
625 1817 697 1888 apud
715 1818 793 1872 illum
814 1820 882 1874 solis
899 1820 1000 1875 litteris
1019 1826 1045 1874 Σ
1055 1820 1168 1887 i'krst,
1269 1875 1271 1880 ,

364 1887 432 1943 mihi
450 1892 505 1942 sic:
551 1905 592 1940 or.
609 1893 641 1950 Σ,
658 1883 723 1940 Fnr'.
739 1889 767 1954 k,
786 1894 841 1941 etc.

312 1953 396 2010 Coisl.
420 1983 452 1996 -
468 1957 661 2025 coislinianus,
679 1956 808 2010 Bshhero
827 1973 845 2008 v

310 2024 391 2086 Antr,
405 2043 452 2064 ·-
469 2019 685 2101 antuerpiensis,
710 2025 800 2079 eidem
820 2030 847 2078 Ω

309 2091 396 2176 Loris.
417 2123 451 2132 —
470 2095 685 2158 Laurentianus,
708 2097 737 2156 in
755 2093 828 2158 Bibi.
847 2093 1036 2148 Laurentiano
1054 2093 1168 2148 Florem

362 2171 429 2228 trae,
448 2163 576 2216 Behkero
597 2171 626 2215 Π

316 2228 383 2284 Vere.
414 2258 450 2270 -
467 2231 598 2295 Venetus,
618 2231 644 2284 in
665 2229 736 2283 Bibi.
759 2227 787 2284 S.
807 2231 912 2298 Marcii
930 2232 1022 2285 cidem
1039 2229 1070 2282 1².
1126 2249 1129 2258 ’

229 2301 337 2354 Horum
356 2298 481 2361 codicum
499 2301 621 2354 omnium
641 2301 849 2369 antiquissimus
869 2307 898 2354 et
915 2302 1036 2368 optimus
1049 2305 1092 2352 est
1104 2297 1167 2354 Par.
1238 2327 1241 2334 ·

160 2374 193 2432 Σ,
214 2371 259 2434 cui
278 2371 398 2438 proximi
418 2369 553 2438 accedunt
577 2375 643 2427 Yet
663 2370 793 2422 inaurant.
831 2367 987 2422 Secundum
1006 2369 1096 2421 lucum
1118 2368 1167 2420 ob·

161 2441 250 2507 tinent
277 2441 345 2516 Aug.
376 2445 405 2508 et
428 2439 515 2491 Puris.
534 2440 555 2490 Ι.
595 2439 635 2490 De
655 2437 845 2508 ceterisnihil
861 2439 988 2506 equidem
1010 2429 1168 2506 pronuntio.

160 2507 263 2576 Verupr
282 2509 317 2572 de
334 2505 500 2578 Angustono
516 2506 568 2560 hoc
582 2507 669 2560 etiam
686 2508 833 2573 tenendum
853 2513 904 2570 est,
923 2506 1074 2558 manifesta
1090 2507 1169 2560 illum

161 2591 261 2646 gerere
282 2578 409 2630 diversae
430 2578 602 2630 recensionis
622 2575 751 2646 vestigia,
775 2577 816 2628 ita
835 2575 944 2646 quidem
965 2582 996 2626 nt
1015 2575 1087 2628 sicut
1106 2576 1169 2628 Par.

147 2651 189 2698 ·Σ
211 2646 330 2713 primum
359 2645 449 2699 locum
475 2647 584 2698 obtinet
609 2645 753 2697 intereos
781 2644 830 2712 qui
849 2643 987 2696 traditum
1014 2644 1169 2712 antiquitus

156 2719 268 2766 textum
288 2713 429 2777 exhibent,
448 2715 490 2768 ita
509 2718 695 2796 Augustanus,
710 2716 785 2778 inter
802 2719 913 2766 nostros
934 2719 1025 2776 certe,
1039 2714 1168 2781 princeps

162 2784 200 2834 sit
217 2783 332 2835 ulterius
358 2783 432 2836 illius
454 2785 633 2836 recensionis.
673 2783 752 2844 Quod
775 2789 866 2836 tomen
892 2781 1048 2850 nentiquam
1070 2783 1111 2832 ita
1127 2783 1169 2834 in·

162 2851 303 2904 tellectum
330 2852 422 2914 uelim,
449 2853 529 2923 quasi
545 2852 581 2904 ad
597 2850 743 2912 arbitrium
759 2851 860 2918 ubique
876 2853 986 2904 relictas
1005 2851 1054 2903 ilie
1070 2850 1168 2903 leutio·

161 2935 212 2972 nes
232 2919 379 2988 praebeam
397 2919 446 2974 sed
465 2922 539 2973 inter
557 2919 638 2988 hujus
655 2920 768 2988 generis
781 2920 975 2982 correctiones,
986 2934 1100 2988 quarum
1116 2921 1168 2972 im·

161 2990 253 3041 munis
271 3005 338 3042 sane
357 3005 412 3070 non
427 2999 480 3062 est,
495 2988 570 3071 haud
589 2989 679 3058 pauca
695 2995 805 3059 quoque
822 2989 850 3040 in
870 3004 905 3041 eo
922 2985 1024 3070 indicia
1041 2987 1108 3069 mihi
1127 2987 1167 3040 ri-

161 3057 628 3196 thttntft‘fitntttntt
644 3059 765 3193 :titt
779 3057 1168 3196 {dimittitemini

162 3196 332 3263 temporibus
352 3195 500 3253 adulterati
524 3196 678 3264 specimina
697 3195 800 3264 passim
820 3195 1003 3263 praetentet
1019 3195 1082 3262 ipsi.

167 3263 169 3268 '
203 3260 205 3266 '
229 3265 378 3318 (indicibus
402 3269 548 3332 praeterea
571 3263 736 3328 accensendi
762 3271 834 3327 sunt,
856 3279 925 3332 quos
945 3262 1084 3332 Morginir
1103 3261 1168 3316 Ler-

161 3332 285 3404 singinni
302 3339 330 3388 et
356 3330 496 3406 Morginis
520 3331 748 3399 Berol.'nomine
767 3335 795 3386 in
815 3336 890 3388 notis
909 3333 1015 3402 aliquot
1032 3333 1101 3386 locis
1120 3335 1168 3385 ad-

160 3405 302 3474 vocamus,
350 3399 421 3456 Sunt
439 3409 533 3470 antem
550 3403 679 3470 exempla
697 3401 836 3455 Editionis
853 3401 967 3468 Aldinae
996 3417 1110 3471 qnorum
1129 3403 1168 3454 al·

161 3478 251 3524 terum
270 3471 298 3522 in
315 3469 387 3522 Bibi.
406 3471 497 3539 Regia
513 3471 605 3524 Berol.
624 3477 792 3534 asservatur,
817 3472 935 3524 alterum
982 3503 989 3520 ·
1008 3471 1040 3523 E.
1057 3472 1168 3523 Lessin-

159 3541 224 3610 gius
240 3539 306 3598 olim
324 3538 438 3592 Reiskio
464 3540 614 3608 obtulerent,
633 3555 804 3610 quorumque
819 3538 939 3608 margini
954 3541 1048 3593 uariae
1064 3539 1170 3610 aliquot

144 3610 289 3679 'appictao
309 3615 375 3660 sunt
390 3608 533 3662 lectiones.

132 3679 137 3686 '
231 3679 274 3729 iix
290 3673 603 3743 EDlTloNiBUS,cum
624 3677 681 3729 anti
703 3678 812 3730 uiorum
830 3677 950 3740 iliarum,
966 3675 1085 3743 Aldinae,
1098 3677 1170 3728 ider·

159 3747 351 3815 ragianarum,
373 3743 661 3810 Paulo-Manutianae,
680 3693 846 3810 deliciante,
862 3763 928 3798 usus
944 3748 973 3799 in
992 3750 1034 3797 tot
1052 3745 1169 3814 scripto·

158 3831 221 3868 num
247 3815 381 3867 librorum
409 3815 498 3882 copiis
525 3815 640 3885 exiguus
665 3815 747 3868 hodie
773 3816 824 3878 sit,
849 3816 930 3868 nohis
953 3821 1052 3891 autem,
1071 3815 1100 3866 in
1118 3813 1170 3866 tali

160 3899 248 3951 opera
263 3885 322 3936 iere
350 3881 458 3945 nuilus,
481 3882 544 3934 ilias
564 3891 670 3936 tantum
692 3887 888 3947 memoramus,
904 3897 1019 3952 quarum
1039 3885 1171 3936 auctores

62 3985 71 3992 -
159 3951 359 4006 Demosthenis
385 3951 579 4006 attentionem
605 3957 633 4006 et
647 3955 906 4021 interpretationem
926 3951 1038 4019 ingenio
1052 3951 1171 4024 judicio·

182 4038 217 4074 ue
237 4023 373 4074 'urerent

161 4038 181 4090 q
229 4039 345 4160 diieron.
373 4089 514 4144 Wonrrus
534 4093 579 4142 ter
597 4088 813 4142 Demosthenem
832 4087 932 4140 edidit:
952 4089 1059 4157 optima
1076 4095 1171 4141 antem

160 4157 259 4212 harum
291 4157 352 4211 edd.
375 4164 474 4210 cetea
497 4173 568 4228 quae
593 4158 698 4225 prodiit
718 4159 804 4212 Bas‘l.
827 4156 902 4222 1572.
928 4156 977 4208 iol.
1002 4173 1102 4210 recusa
1126 4157 1172 4213 Fr.

160 4227 237 4280 160t.
253 4227 303 4282 iol.
343 4227 474 4280 continet
500 4243 534 4280 ea
560 4226 640 4281 Dem.
667 4234 696 4279 et
722 4229 761 4286 Ae
794 4226 867 4278 hinis
887 4227 1028 4280 orationes
1049 4241 1112 4284 cum
1129 4227 1171 4283 in·

162 4301 244 4366 terpr.
262 4296 319 4364 lat,
337 4293 452 4350 scholiis
470 4293 589 4365 Ulpiani,
610 4301 639 4354 et
658 4295 746 4368 ipsius
766 4294 860 4348 Woiiii
879 4297 1075 4352 annotatione:
