2860 4890
446 239 727 386 ,ka-..-
1072 293 1226 372 nr·

594 419 606 450 s
748 427 750 432 .

115 469 165 530 ρης
185 452 573 530 δὲόχούμέναςάργοόρας
592 457 700 532 τῆιςέε
718 451 785 527 Erip.
822 459 900 522 Quae
919 459 1129 517 manifestarent
1160 449 1161 462 ¹

118 531 254 598 primaria
273 531 425 598 corruptio.
463 527 534 581 Nem
553 529 728 598 quantumvis
744 526 876 596 proclivis
895 529 978 582 tuerit
997 539 1082 582 error·
1094 547 1129 584 ex

117 601 170 652 illo
185 591 327 672 Ἀργούρας
343 601 372 651 in
388 591 521 671 dpyvpds;
546 613 600 649 non
626 595 720 648 atinus*
735 595 829 650 tamen
848 597 960 650 facilior
979 607 1039 651 erat
1056 599 1130 654 aiter

138 683 229 736 unque
251 668 353 736 tapsus,
374 672 406 718 ut
432 665 532 734 oppido
551 657 679 737 Ἀργούρᾳ
702 665 786 718 modo
810 675 973 731 memorato,
995 668 1127 722 librarius

116 737 126 788 i
148 752 192 788 em
218 751 317 788 nomen
342 751 372 788 se
397 737 498 788 iterum
522 734 682 802 conspicere
709 741 820 802 putaret
846 736 873 786 in
896 735 945 788 iiio
965 741 1132 791 APl'Ym.

114 805 163 856 lta
187 820 204 856 e
225 819 294 856 vera
316 805 454 872 scriptura
474 794 531 870 (ἐπ’
557 794 683 873 o'repoipipc¹
699 803 724 856 d.
744 795 928 876 oiscipyopdc
951 801 997 868 ric
1013 805 1041 866 ἐξ
1057 797 1128 872 Enipi.

114 879 216 925 natum
239 879 283 926 est
298 867 446 943 Ἀργούρας
469 871 515 936 τῆς
534 871 561 932 ἐξ
577 863 650 938 Erip,
670 869 742 940 quod
763 886 827 924 mox
844 872 915 924 eiius
933 873 1126 927 emendatione

33 970 41 988 ι
115 948 199 995 certa
215 943 271 994 sibi
285 941 361 994 risus
379 947 423 994 est
441 942 582 1008 corrigere
597 941 646 1001 ite,
665 941 693 1000 ἐξ
702 933 844 1011 Ἀργούρας
862 941 906 1006 τῆς
923 934 1047 1009 Εὐβοίας.

187 1010 279 1078 ipsam
307 1017 399 1062 autem
425 1009 497 1061 hanc
520 1009 615 1060 luxum
640 1005 788 1075 objiciendi
801 1010 953 1072 rationem,
980 1020 1009 1062 et
1027 1008 1126 1063 eadem

114 1076 228 1146 quidem
246 1078 382 1142 sermonis
396 1079 496 1140 forma,
516 1079 663 1195 repetitam
681 1077 767 1130 habes
785 1078 858 1130 inira
878 1075 906 1143 §-
927 1077 969 1130 ia.
990 1077 1037 1130 ubi
1058 1091 1124 1129 uxo-

50 1205 53 1208 ·
114 1161 178 1199 rem
198 1147 302 1200 Midias
329 1146 364 1198 ad
387 1146 524 1216 mysteria

72 1232 74 1246 ·
114 1217 157 1268 rit
182 1215 284 1274 dicitur
308 1216 411 1268 vehere
433 1215 532 1268 solitus
558 1213 603 1264 ἐπὶ
626 1213 674 1264 rori
696 1215 791 1266 λευκοῦ
819 1209 927 1282 ζεύγους
947 1215 995 1266 rori
1020 1214 1050 1264 ἐκ
1075 1213 1125 1266 Σι-

112 1281 225 1339 κυῶνος.
273 1285 378 1354 Regum
397 1287 491 1352 itaque
510 1281 594 1335 modo
616 1279 717 1344 Midias
735 1283 770 1334 ad
791 1283 867 1336 vitae
884 1282 1058 1351 splendorem
1075 1299 1125 1335 un·

116 1351 201 1421 dique
216 1353 321 1406 ‘omnia
344 1353 564 1421 conquisiverat,
590 1349 672 1418 bigas
698 1351 776 1403 albas
801 1351 935 1419 Sicyone,
966 1351 1125 1405 cathedram

114 1423 272 1541 ¹rectoriam
301 1428 460 1496 argenteam
485 1435 520 1474 ex
538 1419 668 1482 Euboea,
693 1425 724 1471 et
747 1435 885 1490 quaemus
904 1421 1063 1492 ignoramus
1083 1435 1124 1472 re·

126 1505 208 1557 iqua.

435 1680 675 1748 EXGURSUS
716 1681 803 1749 Vlli.

300 1925 302 1930 ι
334 1840 394 1904 De
418 1839 650 1904 Niceroto:
682 1841 732 1904 od
748 1839 781 1924 §.
805 1841 857 1903 45.
879 1863 919 1919 a.¹

573 1145 706 1197 leusinem
732 1153 760 1208 et
780 1162 940 1215 quocunque
958 1147 1013 1200 alio
1031 1147 1125 1198 voiue·
1224 1157 1232 1176 ·
1260 1171 1262 1178 ⁴

75 2035 78 2042 ’
187 2023 290 2086 Nicias,
300 2020 424 2074 Nicerati
441 2021 524 2085 tilius,
541 2020 632 2073 clarus
644 1993 849 2075 atheniensium
862 1999 1022 2090 imperator,
1035 2025 1121 2080 tilium
1233 2054 1235 2057 ·

115 2094 269 2213 rolirpperat
287 2106 339 2143 avo
361 2089 568 2158 cognominem,
593 2091 662 2142 satis
687 2097 717 2142 et
741 2092 833 2156 ipsum
852 2099 945 2144 notum
963 2109 997 2145 ex
1017 2094 1121 2161 Lysiae

116 2170 147 2216 et
203 2159 366 2228 enoph'ontis
397 2159 491 2220 libris,
522 2159 622 2226 quique
649 2159 731 2226 periit
757 2160 809 2211 sub
840 2161 954 2227 triginta
985 2163 1119 2228 tyrannis.

115 2234 200 2283 Hunc
224 2237 296 2282 cum,
313 2245 330 2279 a
354 2226 539 2280 Demosthene
564 2225 713 2280 indicatum
736 2226 782 2280 hic
823 2230 927 2284 utarint
954 2230 1005 2281 viri
1034 2231 1118 2294 docti,

105 2299 256 2366 *Taylorns
283 2297 318 2348 ad
342 2295 467 2363 Lysdo
489 2294 627 2362 aristoph.
652 2296 782 2364 bonisp.
802 2245 861 2352 8⁴8.
889 2296 942 2348 Ed.
962 2297 1069 2366 Reisk,
1088 2307 1118 2351 et

113 2367 248 2420 Reiskius
266 2366 325 2433 ipse
343 2366 372 2417 in
389 2361 446 2418 lud.
473 2365 626 2426 Demosth,
654 2371 768 2434 apparet
787 2365 857 2418 hece
875 2367 1002 2434 exempta
1021 2382 1056 2419 ex
1072 2383 1118 2420 sn·

113 2437 254 2506 pericuum
284 2440 434 2502 temporum
465 2431 582 2486 historia
603 2433 760 2500 desumpta
790 2433 845 2486 illis
876 2437 937 2486 visa
967 2451 1036 2489 esse.
1083 2439 1119 2486 nt

115 2507 178 2572 quis
203 2501 298 2556 credat
321 2500 554 2566 Demosthenem,
582 2507 614 2554 ut
640 2501 742 2554 Midiae
766 2503 901 2568 pudorem
920 2503 1050 2566 incutiat,
1069 2503 1117 2556 ho·

114 2574 206 2626 mines
230 2572 354 2624 excitare
377 2572 424 2639 qui
448 2577 512 2624 ante
536 2569 587 2622 hos
613 2571 813 2639 quinquaginta
838 2577 924 2623 anuos
943 2587 1027 2622 naves
1047 2573 1117 2640 reip.
1147 2579 1149 2584 '

116 2658 135 2694 a
161 2656 192 2693 se
216 2639 405 2707 oblataripsi
428 2637 657 2692 conscenderinti
698 2639 783 2692 immo
806 2641 895 2692 omnis
919 2647 949 2691 et
972 2655 1064 2692 rerum
1088 2647 1117 2694 et

114 2710 263 2762 verborum
294 2723 380 2761 umus
406 2708 578 2760 demonstret
603 2723 657 2764 nou
692 2703 815 2771 ejusdem
843 2709 974 2775 temporis
999 2714 1116 2771 tantum,

115 2777 167 2831 se'd
185 2777 308 2844 ejusdem
331 2773 415 2830 etiam
437 2776 471 2828 de
492 2792 545 2844 quo
570 2774 616 2826 hic
635 2775 727 2843 agitur
746 2775 929 2843 expeditionis
950 2776 1117 2828 trierarchos

114 2847 164 2900 hic
190 2845 334 2898 nominari.
380 2845 415 2896 Et
443 2845 511 2898 mire
537 2843 662 2911 proiecto
688 2843 816 2897 claritate
842 2845 950 2896 illorum
975 2847 1117 2898 nominum

114 2913 246 2968 offuscati
266 2919 346 2966 erant
360 2913 434 2981 oculi
452 2927 553 2974 corum,
572 2913 620 2980 qui
645 2927 678 2964 ne
698 2913 762 2966 inde
781 2911 891 2981 quidem
909 2912 962 2964 hoc
982 2928 1116 2982 agnosce·

113 2987 189 3045 rant,
209 2981 281 3050 quod
309 2983 361 3034 duo
389 2997 423 3035 cx
447 2981 533 3034 tribus
558 2979 601 3032 his
625 2980 788 3042 nominibus,
805 2981 950 3034 Niceratus
969 2985 998 3034 et
1018 2981 1117 3034 Eucte-

114 3067 192 3114 mon,
211 3050 340 3118 deinceps
368 3052 452 3102 etiam
476 3050 550 3101 inter
572 3049 692 3122 quinque
714 3049 881 3102 trierarchos
910 3051 1053 3117 leguntur,
1072 3051 1123 3118 qui¹
1194 3097 1197 3115 ,

114 3120 213 3172 harum
232 3120 354 3185 ipsarum
379 3134 471 3171 rerum
491 3123 577 3170 testes
598 3124 663 3170 sunt
682 3117 870 3180 Demostheni,
890 3119 990 3188 quique
1010 3133 1027 3170 a
1047 3133 1117 3190 pago
1225 3111 1245 3133 ¹⁴

114 3187 171 3249 ihi,
200 3186 246 3239 hic
274 3193 366 3270 autern
393 3201 410 3238 e
436 3192 516 3255 patre
547 3186 661 3306 quispue
688 3187 924 3254 cognominantur.
969 3185 1030 3238 iam
1056 3203 1119 3267 cum

113 3252 1120 3392 innitentiint,tin„¹3⁰tttifrnmfflin‘iattinnt:

92 3395 218 3460 'quisse
245 3407 306 3444 cum
327 3408 361 3444 uc
378 3392 454 3444 inter
475 3391 544 3444 illud
568 3398 676 3458 tempus
700 3401 728 3442 et
758 3389 809 3442 has
837 3391 1032 3444 Demosthenis
1057 3407 1127 3444 curnx

113 3461 205 3515 Midia
231 3461 296 3514 lites
342 3459 427 3518 LViii
450 3459 562 3514 circiter
587 3463 650 3519 anni
670 3459 892 3525 intercesserint3
915 3459 984 3512 nihii
1003 3459 1118 3528 impedit

114 3545 172 3599 qno
196 3529 285 3584 minus
311 3527 390 3596 hujus
415 3529 517 3580 iterum
544 3527 616 3580 iilius
644 3543 716 3580 nnnc
736 3528 810 3590 intra
833 3527 886 3580 XX
912 3533 941 3580 ct
955 3528 1006 3580 XL
1030 3541 1118 3580 annos

115 3604 210 3660 natus,
236 3604 264 3668 et
288 3598 434 3658 rivensis
459 3597 518 3649 sire
542 3595 622 3651 ἄπαις
642 3596 731 3648 dictus
748 3595 819 3662 (vid.
838 3595 982 3666 Spaldingi
1006 3594 1117 3660 notam)

117 3665 285 3734 trierarchus
313 3663 405 3718 fucrit.
456 3664 527 3718 Vide
555 3663 724 3717 Boeckhium
744 3665 771 3716 in
801 3663 923 3724 Staatsh.
948 3667 972 3716 d.
1003 3663 1062 3716 ath.
1085 3663 1118 3715 ii.

142 3772 145 3781 .
168 3733 210 3790 14.
229 3735 275 3804 qui
293 3741 393 3795 tamen,
413 3733 486 3802 quod
504 3732 544 3785 ibi
562 3733 729 3800 coniecerat,
754 3733 861 3785 Niciam
884 3733 956 3794 hunc
971 3732 1118 3799 juniorem,

145 3804 241 3856 icerati
265 3791 460 3856 Demosthenei
487 3807 609 3870 patrem,
638 3799 755 3856 eundem
781 3817 841 3853 esse
871 3817 919 3870 pro
945 3816 997 3868 quo
1014 3804 1120 3868 scripte

117 3875 163 3925 est
178 3871 308 3926 isocratis
333 3869 423 3924 oratio
447 3879 544 3923 contra
570 3868 742 3938 Enthynum,
766 3885 855 3938 neque
877 3869 1012 3922 diversum
1039 3883 1057 3920 a
1072 3869 1119 3922 de·

116 3939 306 3993 coctoreilio
323 3939 418 4002 Nicia,
450 3939 484 3991 de
510 3953 562 4006 quo
590 3936 747 3990 Athenaeus
767 3937 808 3990 12.
836 3953 862 4005 p.
881 3935 944 3988 537.
969 3942 998 3988 et
1015 3937 1120 3989 helian.
1201 3979 1203 3988 .

116 4007 152 4060 V.
174 4009 209 4058 H.
226 4006 252 4072 i,
269 4003 326 4071 23„
354 4007 421 4060 illud
443 4021 515 4059 nuuc
531 4009 591 4074 ipse
617 4005 729 4060 deserit.
762 4004 833 4057 Nam
851 4006 968 4074 primum
984 4005 1057 4057 tilius
1072 4005 1119 4075 iiie

116 4073 242 4129 Nicerati
264 4073 377 4142 Lysieni
404 4075 456 4128 suh
473 4075 553 4126 XXX
579 4075 646 4127 viris
670 4074 762 4127 inians
779 4071 841 4136 tuit,
867 4080 898 4124 ut
917 4071 1021 4126 diserte
1035 4075 1121 4141 scrip·

116 4149 178 4194 tum
201 4148 245 4195 est
264 4141 299 4194 'in
326 4157 365 4193 or.
394 4157 417 4196 c.
442 4141 565 4195 Peliuch.
581 4141 609 4210 p.'
630 4141 689 4196 eut.
714 4141 786 4212 quod
804 4157 859 4194 non
879 4141 955 4194 cedit
970 4142 1000 4194 in
1015 4141 1123 4195 Niciam

116 4211 291 4272 leocrateum
307 4211 354 4278 qui
381 4210 432 4263 snb
450 4209 549 4264 iisdem
569 4211 697 4280 tyrannis
718 4215 747 4264 in
765 4225 823 4279 rep.
843 4210 1008 4264 versabatur
1026 4211 1122 4274 (isocr.

843 4275 879 4340 K
