2860 4890
959 222 962 230 ι

318 256 321 264 ν
1009 245 1047 270 ,ἱ

323 275 506 342 lln'
1148 277 1152 284 ’

725 307 922 322 nm

598 330 600 342 i
1041 337 1044 346 n

544 397 555 410 ,
590 405 594 410 .
624 393 627 416 .
689 394 693 406 ,

321 447 339 498 l.
362 460 386 497 c.
404 441 458 506 3.).
497 439 605 494 Deinde
631 441 703 510 quod
733 439 865 494 decoctor
892 441 939 494 ille
964 439 1059 506 Nicias
1088 455 1106 491 a
1129 453 1202 508 pago
1232 437 1330 498 dicitur

322 508 508 581 Pergurensis,
527 509 679 572 ¹Niceratus
704 514 798 562 autem
817 514 912 562 noster
931 507 1099 560 trierarchus
1117 523 1182 560 mox
1202 510 1234 560 in
1257 509 1330 576 testi·

286 631 287 636 ,
322 583 415 634 aronio
432 577 625 641 Achtndueiue,
649 573 717 630 illu'd
744 579 769 630 si
795 584 889 630 cetera
912 577 1021 646 quidem
1039 577 1110 629 satis
1130 582 1211 629 certa
1232 583 1330 640 essent,

278 660 281 667 '
322 649 520 709 nonobstaret
536 647 671 700 fortasser
690 663 761 699 nunc
779 646 866 698 tilium
884 646 912 697 in
932 645 1051 700 alienum
1066 661 1102 714 pa
1122 661 1168 696 um
1185 645 1331 713 migrasse,

323 715 509 772 sineindiciis
533 717 688 778 affirmare,
711 715 894 782 periculosum
923 715 1042 767 videtur.
1115 729 1185 782 eque
1204 729 1330 764 necessa·

322 777 403 840 rium·
453 785 523 848 Nam
554 785 632 836 multi
662 784 728 836 olim
760 783 872 835 luerunt
899 782 1004 846 Niciae,
1034 781 1108 851 quod
1134 783 1179 834 vel
1211 797 1249 834 ex
1274 781 1331 834 solo

324 854 430 918 Reishii
447 853 537 906 iudice
562 851 694 906 historico
723 850 822 905 discas.
863 851 987 904 Dixerim
1005 853 1108 920 potius,
1128 866 1189 902 cum
1210 850 1332 902 nobilem

324 924 464 976 Niciarum
484 921 730 989 Niceratorumque
756 919 892 972 familiam
915 921 984 972 satis
1009 925 1102 972 notum
1123 918 1212 972 fuerit
1234 917 1331 982 Acher-

239 1047 244 1060 ,
324 993 418 1054 dusios
437 990 534 1052 fuisse,
556 989 702 1062 hincsesse
721 987 791 1058 quod
817 989 949 1042 decoctor
968 988 1016 1042 ille
1036 989 1139 1042 diserte
1159 987 1234 1056 apud
1253 985 1330 1038 Athe·

297 1075 421 1123 ,nasum
440 1059 548 1114 dicatur
564 1059 753 1126 Pergasensis.
790 1057 868 1110 Cani.
912 1063 1038 1116 raeterea
1058 1057 1189 1108 Palmarii
1209 1062 1281 1108 nota
1300 1053 1331 1106 ad

290 1141 292 1144 ·
323 1127 460 1195 aristoph.
482 1127 556 1178 Eccl.
573 1127 636 1178 titi&
658 1126 803 1188 (Exercitt
824 1142 851 1194 p.
873 1127 888 1178 7
926 1125 956 1189 .),
976 1126 1054 1194 cujus
1073 1125 1266 1194 conjecturae,
1285 1123 1331 1174 irn-

323 1197 436 1249 berbem
459 1193 535 1248 illum
555 1195 672 1257 Niciam,
704 1195 811 1246 comico
837 1199 1033 1257 memoratum,
1064 1194 1191 1254 Nicerati
1222 1190 1331 1248 secundi

322 1265 417 1328 lilium,
435 1263 516 1332 hujus
536 1265 625 1318 nostri
643 1269 751 1331 patrem
770 1277 844 1330 esse,
869 1264 962 1316 omnia
975 1263 1079 1316 lavent.
1303 1259 1305 1264 ’

376 1527 378 1534 ,
480 1397 488 1475 3
518 1449 760 1520 excursus
791 1453 847 1519 rx.
892 1435 1007 1540 Aust
1029 1437 1081 1516 de.
1106 1453 1140 1516 u.

393 1614 472 1665 lianc
498 1613 526 1664 in
553 1609 705 1682 Olynthum
732 1613 954 1681 expeditionem,
977 1602 1062 1664 v'erho
1087 1625 1174 1678 supra
1198 1611 1261 1678 jam
1281 1625 1332 1661 me·

325 1691 461 1735 moratam
485 1678 512 1746 ξ.
535 1681 578 1730 44.
601 1682 644 1744 b.‚
660 1680 817 1736 Boechhius
841 1683 870 1734 in
896 1685 1043 1734 comment.
1068 1679 1102 1731 de
1130 1677 1263 1732 chronol.
1288 1679 1331 1730 Or.

324 1750 391 1803 Mid.
423 1767 446 1818 p.
464 1748 496 1800 81
518 1764 591 1818 sqq„
607 1747 807 1802 demonstravit
835 1765 852 1802 a
876 1749 979 1802 celebri
1009 1749 1059 1800 illa
1087 1747 1198 1815 Olymp.
1227 1744 1286 1810 107,
1305 1746 1330 1798 4.

229 1842 235 1850 ’
325 1818 464 1872 diversam
491 1833 553 1869 esse
576 1824 604 1870 et
628 1817 739 1870 aliunde
765 1834 878 1886 prorsus
902 1820 1037 1887 ignotam.
1078 1817 1145 1868 Utut
1170 1821 1267 1868 autem
1294 1813 1330 1865 hi-

147 1909 150 1917 s
223 1922 231 1934 =
325 1889 430 1940 storica
449 1883 531 1951 hujus
552 1885 609 1938 loci
635 1888 707 1938 ratio
728 1885 903 1953 expediatur,
929 1884 997 1938 iliud
1017 1899 1052 1937 ex
1067 1885 1175 1936 ratione
1195 1897 1330 1953 gramma-

244 2001 247 2009 ,
324 1958 435 2008 tica‘et
461 1954 602 2024 rhetorica
625 1954 807 2006 manifestum
827 1961 878 2018 est,
899 1955 1000 2024 respici
1020 1953 1066 2005 hic
1090 1951 1203 2005 eosdem
1227 1956 1330 2021 equites

325 2025 473 2092 dequibus
493 2037 579 2091 supra
598 2021 626 2088 '§.
647 2022 688 2076 37.
707 2023 825 2076 relatum
849 2031 918 2086 erat,
946 2023 1060 2074 Midian
1078 2022 1151 2085 illos,
1170 2021 1221 2088 qui
1239 2033 1330 2073 secum

325 2092 474 2154 militatum
497 2092 633 2144 abiissent
657 2093 808 2160 Arguram,
832 2107 849 2144 e
877 2090 1007 2146 chalcide
1026 2089 1157 2144 reducem
1174 2103 1330 2150 accusasse,

199 2231 202 2250 Ι
244 2183 248 2188 ·
325 2161 508 2229 probrumque
533 2159 703 2230 reipublicae
728 2160 892 2228 appellasse.
938 2164 1006 2214 cum
1034 2175 1088 2228 quo
1116 2153 1176 2226 ejus
1204 2171 1329 2212 sermone

323 2229 381 2296 jam
399 2227 467 2280 iliud
493 2224 633 2296 componit
658 2236 766 2291 orator,
793 2231 868 2298 quod
892 2226 1028 2281 dicturum
1047 2225 1246 2282 esseeundem
1261 2225 1330 2277 eilir·

326 2291 575 2362 me't,¹concionem
595 2297 670 2348 illam
688 2313 759 2366 quae
777 2309 817 2360 se,
845 2293 969 2365 tempora
983 2295 1143 2366 ‘choragium
1161 2297 1189 2348 in
1212 2293 1330 2358 comitiis

327 2365 604 2434 damnassetreram
630 2367 725 2434 populi
753 2368 915 2419 concionem
939 2381 994 2417 non
1019 2365 1122 2429 fuisse,
1144 2365 1204 2428 sed,
1230 2362 1329 2432 populo

324 2435 353 2486 in
371 2433 470 2486 bellum
495 2434 630 2501 proiecto,
655 2435 798 2502 signanum
822 2436 990 2496 desertores,
1014 2433 1193 2503 peregrinos,
1218 2427 1334 2484 saltata-¹

300 2515 378 2555 =res
434 2503 514 2554 ilaec
545 2508 637 2555 antem
668 2502 698 2554 in
729 2503 863 2569 majorem
894 2503 1027 2555 invidiam
1056 2502 1096 2553 ita
1124 2507 1328 2569 preponunturs

219 2613 223 2621 .
324 2570 444 2632 „Midias
469 2571 539 2638 apud
559 2585 736 2640 quoscunque
761 2571 855 2635 tuerit,
879 2571 943 2624 illos
962 2571 1033 2639 apud
1052 2576 1167 2631 ceteros
1180 2569 1328 2638 calumnie-

317 2640 410 2702 bitur.
454 2639 568 2690 Exierat
591 2640 739 2691 militatum
765 2655 827 2692 cum
853 2646 932 2707 parte
954 2638 1075 2708 populis
1096 2639 1241 2701 reversus,
1270 2649 1328 2688 curs

324 2707 367 2759 illi
389 2705 551 2775 Olynthium
579 2709 762 2770 transissent,
794 2711 937 2760 accusavit
963 2705 1074 2760 eosdem
1105 2708 1179 2774 apud
1205 2723 1257 2760 eos
1286 2703 1329 2771 qui

326 2782 383 2830 turn
409 2782 599 2831 remanserant
624 2775 667 2843 (h.
689 2791 714 2829 e.
740 2777 769 2828 ln
789 2777 910 2829 comitiis
936 2775 1076 2838 Athenis).
1115 2777 1183 2827 Max
1205 2773 1329 2842 exercitu

324 2845 353 2896 in
380 2845 463 2896 aliam
488 2844 692 2912 expeditionem
720 2843 770 2910 (ad
788 2845 946 2914 Tamynasl
972 2845 1129 2916 profectui
1149 2839 1334 2897 seremansit

290 2923 293 2940 ²
328 2915 373 2976 (et
390 2912 441 2964 illa
455 2913 531 2964 circa
550 2912 710 2982 choragium
728 2915 863 2982 patravit3
879 2914 933 2966 vid,
952 2913 977 2979 ᾖ.
995 2911 1038 2964 tl.
1061 2930 1084 2966 c.
1105 2859 1158 2978 dh
1196 2913 1260 2965 lam
1279 2909 1328 2978 igt-

324 2988 371 3032 tur
396 2983 558 3032 concionem
586 2995 681 3034 eorum
706 2984 754 3052 qui
781 2997 875 3034 secum
909 2985 1098 3036 remanserant
1124 2981 1238 3050 (quique
1267 2983 1328 3030 tunc
1353 2981 1355 2986 '

266 3041 289 3123 χ’
325 3052 388 3101 edm
411 3049 670 3113 condemnaverant)
701 3051 914 3103 calumniabitur
935 3051 1008 3118 apud
1034 3065 1083 3103 eos
1106 3053 1153 3118 qui
1178 3056 1238 3102 tum
1258 3047 1327 3100 exie·

263 3149 269 3160 ,
324 3123 388 3169 rant
418 3117 496 3188 (πρὸς
526 3111 588 3174 τοὺς
611 3114 842 3183 ἐξεληλυθότων.
896 3118 968 3172 Nam
990 3133 1060 3190 ,cum
1090 3116 1163 3187 apud
1189 3117 1325 3186 integrum

324 3201 396 3238 nunc
413 3185 565 3252 populum,
594 3189 767 3256 superiorem
782 3187 872 3250 ,illam
899 3189 1059 3247 concionem
1088 3193 1120 3239 ut
1145 3187 1270 3238 mutilam
1301 3186 1327 3233 et

323 3253 404 3322 qnasi
427 3253 604 3306 subdititiam
639 3257 833 3320 calumnietur,
861 3269 960 3308 revera
984 3257 1047 3308 illos
1076 3256 1123 3324 qui
1147 3261 1207 3307 tum
1235 3263 1325 3307 secum

322 3329 521 3384 remanserant,
541 3323 613 3388 apud
635 3325 748 3392 eosqui
768 3331 826 3377 tum
849 3328 976 3377 exierant
993 3331 1114 3394 accusat.
1148 3325 1196 3376 lta
1214 3322 1327 3392 apparet

322 3405 387 3442 non,
401 3391 491 3443 solum
514 3392 629 3444 verbum
654 3393 748 3462 μείνας
773 3393 814 3458 (h.
834 3409 859 3446 e.
878 3395 926 3463 qui
955 3401 1011 3446 tum
1028 3393 1213 3454 remanserat)
1234 3396 1325 3444 imme·

320 3461 376 3512 rito
396 3459 588 3526 importunum
611 3462 701 3513 visum
728 3477 790 3514 esse
807 3461 981 3531 quibusdam,
1000 3461 1049 3514 sed
1066 3459 1134 3513 illud
1152 3461 1238 3513 etiam
1249 3452 1325 3526 ¹(ruod

321 3527 382 3594 ejus
400 3529 463 3580 loco
490 3529 519 3580 in
544 3527 604 3582 cod.
623 3531 680 3589 ltsi
704 3529 808 3612 legitur
828 3525 982 3601 μεινάντων
997 3531 1115 3612 fortuito
1133 3522 1325 3608 erroritrihui

319 3597 669 3728 tentatatttt,
685 3597 1325 3738 illitrtniittttntattletati

320 3733 428 3799 gandae
447 3735 504 3786 sint
518 3733 580 3807 ,itae
764 3733 766 3744 '
972 3769 982 3776 -

389 3821 440 3877 νῦν
457 3826 541 3878 πάλιν
558 3826 654 3897 μείνας
672 3826 729 3880 τῶν
743 3822 898 3899 μεινάντων
915 3820 982 3902 πρὸς
1001 3825 1062 3882 τοῦς
1077 3819 1263 3890 ἐξεληλυθότας
1281 3814 1325 3874 τοῦ

471 3889 559 3964 δῆμον
574 3891 757 3977 νοιτνῃωρὴινενοι

318 3997 389 4051 quae
408 3985 492 4052 probe
512 3988 679 4056 respondent
703 3987 759 4042 illis
781 4001 851 4056 quae
876 3986 1046 4042 adverbum
1066 3986 1127 4040 fere
1147 3985 1255 4040 dixerat
1272 3980 1321 4032 ita:

320 4049 551 4125 (ςρατενσάμενος)
569 4054 625 4110 τῶν
666 4047 713 4110 εθ’
731 4057 827 4110 ἑαυτοῦ
850 4051 1076 4128 ςράνενσνιμείὀννΙ
1092 4047 1159 4124 πρὸς
1175 4055 1222 4118 τὴν
1236 4049 1321 4114 iimit-

289 4145 298 4154 -
317 4119 382 4170 σίαν
399 4121 469 4200 Ι(τῶν
486 4073 844 4197 μεινάντωνςνπηῷόρειῌ
870 4125 1006 4194 asyndeti
1028 4129 1130 4186 autem,
1154 4127 1218 4175 utut
1234 4121 1319 4198 locum

316 4194 478 4254 constituas,
501 4192 577 4247 nulla
598 4191 734 4265 suspicio,
764 4193 848 4250 modo
877 4208 929 4264 pro
959 4194 1081 4248 maxima
1106 4194 1319 4262 interpunctione
