2864 4896
530 352 729 395 -·····'·'⁶-··
1079 355 1245 420 133.

375 453 378 461 '
479 460 483 486 ι

157 509 267 592 (lurcio
290 509 411 600 &porpeic
428 512 499 580 βοῦς,
516 514 562 568 leni
579 511 646 587 πρὸς
662 511 747 587 ἑκὰςῳ
768 511 819 571 δύο
836 513 948 585 βοήσας-
989 521 1022 592 qi
1040 520 1072 574 ds*
1090 511 1136 576 Aa·

157 599 212 652 corp
233 579 304 650 βοιῖν
321 599 369 633 και
386 581 453 634 ἄλλα
474 579 565 650 ἱερεῖα,
588 584 635 636 καὶ
657 579 792 656 τράπεζαν
805 585 916 656 χαλκῆν.
950 587 996 640 καὶ
1011 591 1088 662 πρὸς,
1103 585 1134 645 τὸ

159 647 302 719 ἀνάθημα,
322 646 337 700 ὃ
356 642 489 716 ἀνέθηκεν
507 650 625 724 Mimos
642 647 821 722 ὃῖιθηιζαίων.
844 711 846 715 ,

193 719 275 773 Prius
304 724 419 785 tangam
447 735 518 790 quae
544 719 635 791 magis*
662 721 816 776 offendunt.
862 723 899 775 Et
920 723 961 776 sic
978 739 1045 778 sane
1065 728 1131 779 emi·

125 796 191 844 nent
211 793 339 842 monstra
356 782 466 854 βοήσεις,
490 789 564 852 (vel,
589 798 620 843 ut
643 789 748 844 babent
767 792 898 859 plurimis
913 787 1041 859 βοιὴσεις)
1060 811 1132 863 quae

125 875 186 912 cum
215 857 307 910 bobus
333 855 472 908 immolari
498 855 609 911 debent.
640 859 711 912 ,Εἰ
728 859 858 918 omnibus
882 867 975 913 autent
1002 878 1071 930 quae
1096 866 1132 918 ad
1187 885 1189 892 ·

124 927 279 979 sanandam
301 939 398 976 vocem
422 923 576 978 afferuntur
600 925 669 982 nihil
689 929 777 998 magis
795 945 826 982 se
844 929 1029 995 commendat,
1049 947 1131 1000 quam

123 995 194 1066 quod
221 1001 295 1073 teste
320 993 417 1046 ltalico
443 993 624 1071 adnotatore,
653 1013 733 1065 quem
755 997 850 1050 laudat
868 998 1025 1066 Taylorus,
1052 1001 1131 1085 „opi-

123 1070 226 1116 nantur
249 1061 359 1132 quidam
382 1061 552 1134 legendum”
580 1057 619 1119 οἷς
635 1066 702 1130 sive,
723 1072 755 1118 ιιι
773 1067 889 1134 corrigit
908 1067 1059 1135 'l‘aylorus,
1081 1075 1129 1124 cic.

96 1135 104 1154 “¹
124 1133 227 1186 Recte:
253 1131 309 1184 nisi
334 1129 408 1200 quod
435 1130 636 1201 diphthongum
657 1135 729 1186 solvi
751 1151 865 1190 necesso
890 1151 944 1186 non
961 1143 1039 1202 erat;
1069 1152 1132 1190 curn

123 1201 151 1254 in
175 1200 339 1254 Dodonaeis
365 1198 408 1251 his
438 1201 556 1253 oraculis
581 1203 675 1256 omnia
703 1204 789 1256 attica
819 1219 955 1270 expressa
978 1204 1133 1260 rideamus.
1174 1215 1180 1228 '

123 1273 177 1323 Aut
202 1271 280 1323 enim
308 1283 477 1336 magnopere
498 1268 595 1331 fallor,
628 1275 677 1323 aut
695 1270 765 1323 haee
786 1270 941 1324 emendatio
960 1289 1014 1324 non
1033 1281 1077 1324 est
1095 1273 1131 1326 ab

96 1369 99 1382 ·
122 1339 291 1397 hariolante,
323 1337 373 1390 sed
403 1342 535 1405 excerpta
560 1355 575 1389 e
596 1353 648 1391 ms.
689 1339 778 1402 Quam
800 1355 869 1408 qnae
895 1339 962 1392 mihi
980 1339 1133 1412 probarent

123 1407 177 1460 duo
206 1406 384 1476 potissimum
410 1417 496 1461 eraut.
547 1403 682 1484 Primum,
709 1409 783 1476 quod
808 1401 971 1466 stretton
1002 1409 1128 1464 videbam

123 1475 196 1528 unde
220 1481 289 1528 itata
312 1477 463 1553 corruptio.
512 1473 647 1530 Nimirum
676 1491 724 1546 pro
742 1472 793 1530 alo
813 1469 852 1532 οἷς
868 1477 1000 1545 scriptum
1019 1483 1081 1530 erat
1100 1481 1129 1531 in

26 1551 34 1568 '
124 1545 215 1612 aliquo
245 1542 341 1596 codice
371 1549 389 1611 β
422 1540 468 1606 ὄϊς,
494 1543 576 1612 quod,
605 1561 667 1597 cum
689 1545 841 1598 maluisset
859 1546 887 1598 in
913 1536 978 1612 βόις,
1006 1563 1058 1598 noc
1088 1547 1128 1600 in-

124 1609 415 1684 telligeretur‚‘verae
440 1611 554 1665 lectioni
576 1613 604 1664 in
631 1614 687 1666 alio
705 1615 801 1667 codice
820 1613 1046 1682 superscriptum,
1065 1631 1129 1668 mox

124 1697 141 1734 a
159 1679 266 1736 rudiori
291 1681 405 1734 librario
424 1681 497 1733 inter
521 1683 598 1750 ipsas
621 1681 684 1734 illas
712 1683 781 1736 duas
802 1698 883 1736 voces
905 1683 1046 1746 insertum,
1065 1700 1127 1736 cum

123 1750 214 1804 altera
242 1765 338 1803 earum
354 1750 460 1802 iterum
489 1749 593 1805 coaluit
617 1746 646 1803 in*
665 1753 815 1820 pessimam
835 1751 1000 1818 scripturam
1021 1745 1136 1818 polonus

123 1818 195 1872 unde
217 1825 325 1886 βοησιις
348 1817 453 1870 lactum
480 1816 532 1882 esl;
558 1817 668 1887 quidam
696 1823 780 1873 etiam
807 1835 862 1890 quo
879 1821 969 1888 magis
988 1826 1130 1888 tegeretur
1187 1853 1191 1860 -

119 1889 198 1941 ulcus
215 1891 344 1957 ῥοΐσκους
361 1886 496 1951 iecerunt,
516 1888 588 1956 quod
609 1889 760 1942 Lambinus
779 1890 806 1942 in
827 1890 965 1940 variarum
981 1889 1131 1942 lectionum

120 1957 211 2010 indice
245 1956 348 2022 posuit.
395 1956 516 2008 Alterum
541 1961 655 2010 nostrae
681 1957 798 2010 lectioni
822 1957 992 2026 praesidium
1017 1959 1131 2024 etipsa

121 2042 151 2078 re
169 2025 297 2089 aceedlt3
321 2024 404 2076 ritum
430 2024 503 2077 enim
526 2025 678 2093 antiquum,
706 2024 880 2096 designatum
901 2041 944 2087 ea,
966 2028 1058 2078 lirmat
1076 2042 1130 2078 vox

121 2093 320 2166 antiquissima
337 2093 432 2155 latina,
464 2091 620 2162 ealdegaran,
647 2109 725 2163 quae,
752 2095 872 2148 testibus
885 2091 1022 2160 Varrone,
1046 2093 1129 2146 Fesn

120 2171 151 2218 et
168 2165 246 2226 aliis,
272 2161 305 2214 de
321 2162 411 2214 bobus
432 2163 550 2214 maxime
569 2169 704 2232 usurpata
721 2170 772 2226 est,
783 2199 788 2214 .
801 2163 846 2232 qui
865 2162 983 2232 religato
1005 2101 1130 2231 uitiosae

122 2241 197 2302 igno
232 2231 268 2283 ad
294 2245 371 2283 aram
404 2229 583 2284 ducebantur.
632 2231 800 2287 conferatur
824 2231 908 2294 etiam
938 2231 1073 2300 llarpocr.
1103 2247 1130 2284 v.

120 2294 273 2370 Ἐπιβοιοιι
295 2293 468 2380 -ψιλόχρρος
493 2300 522 2350 ἐν
547 2295 771 2384 δευτέρῳιᾳησὶν
788 2297 878 2354 οὕτως.
907 2293 970 2352 icor
987 2296 1021 2352 δέ
1038 2315 1079 2355 τις
1097 2297 1131 2370 τῇ

126 2361 222 2442 Ἀθηνᾷ
240 2362 294 2453 θύρη
311 2367 385 2436 βοῦν,
401 2361 552 2438 αναγκαῖόν
573 2369 613 2428 lat
631 2386 677 2418 και
692 2369 726 2440 τῇ
743 2361 884 2442 Πανδώρᾳ
904 2363 984 2422 θύειν
1002 2359 1045 2420 οἷν
1060 2369 1129 2439 perd

122 2434 193 2506 doda:
235 2455 281 2489 και
297 2436 414 2488 ἐκαλεῖτο
430 2437 461 2490 rd
479 2435 558 2506 θῦμα
573 2432 702 2504 initiator.

181 2503 347 2574 *Sedipsoa
373 2503 457 2559 hosce
484 2505 571 2558 boves
594 2506 693 2558 merito
715 2505 824 2558 mireris
850 2519 994 2556 numerum
1024 2504 1127 2558 nullum

105 2577 177 2638 „sibi
197 2571 336 2641 adjectum
361 2572 478 2636 habere,
504 2590 567 2626 cum
593 2581 696 2638 tamen,
715 2575 788 2642 quod
811 2590 890 2626 nemo
907 2579 1127 2642 exspectaverat,

124 2647 150 2698 oi
166 2646 268 2713 demoni
292 2659 325 2696 eo
350 2643 406 2694 sint
426 2643 538 2695 deliniti.
591 2643 680 2711 ipsum
705 2643 778 2696 onim
799 2639 959 2695 illudibria
977 2641 1011 2694 ad
1032 2641 1127 2704 boves,

125 2715 182 2768 aive
206 2711 423 2765 ratiocinatione
450 2713 510 2764 sive
536 2712 599 2780 ipsa
622 2712 836 2772 constructione,
857 2709 979 2776 trabere,
999 2725 1053 2762 non
1073 2711 1126 2761 nisi
1230 2742 1234 2752 ι

124 2783 219 2836 invitis
242 2783 331 2834 Musis
355 2781 473 2832 coneris.
516 2780 588 2841 Quid
616 2795 700 2848 porro
726 2779 781 2832 sibi
803 2779 863 2832 vult
887 2780 958 2832 inira
974 2779 1023 2831 illa
1042 2779 1126 2830 boum
1179 2842 1188 2848 ἱ

125 2850 252 2904 delinitio
276 2842 413 2922 ἀροτριῐςι
450 2848 543 2911 Quint
579 2856 678 2900 contra
705 2849 896 2902 sanctissimas
929 2848 1050 2900 omnium
1079 2862 1126 2914 po·

124 2921 253 2988 pulorum
280 2919 376 2984 leges,
406 2917 505 2969 bovem
537 2923 629 2968 aratro
657 2913 824 2970 destinatum
853 2921 977 2968 mactare
1005 2916 1061 2984 ipsi
1080 2913 1127 2966 Dii

125 2986 317 3057 praecipiunt?
356 2985 393 3037 lit
409 2986 482 3037 unde
501 2983 609 3044 taudem
628 3000 683 3037 vox
710 2983 781 3038 baec
798 2979 925 3056 ἁροτρεῖς,
948 2999 1018 3054 quae
1036 2983 1126 3052 poetis

124 3053 596 3120 tantuminusuiuit(Theocrit-
622 3050 1127 3117 inlatrat.1125.)inloco‚ubi
1198 3104 1200 3112 ,
1241 3077 1252 3102 2

125 3127 241 3194 pedibus
268 3126 361 3176 omnia
385 3121 551 3189 inceduntl*
576 3123 743 3174 Taeterrimi
770 3121 865 3174 mendi
885 3122 975 3176 cubile
992 3121 1038 3174 hic
1055 3135 1127 3180 esse,

125 3195 177 3262 ipsi
201 3193 267 3246 libri
293 3193 425 3246 indicant.
471 3191 533 3243 Vox
561 3189 716 3260 Aoduvalp
735 3190 814 3242 abest
841 3188 876 3240 ab
900 3187 1007 3257 aliquot
1021 3205 1129 3250 eorum,

29 3252 33 3269 '
125 3269 153 3314 et
181 3264 243 3330 ejus
271 3263 333 3314 loco
364 3261 392 3312 in
420 3259 520 3312 Aldina
542 3273 659 3311 vacuum
688 3260 809 3327 spatium
836 3257 972 3322 relietum,
1000 3257 1073 3326 quod
1098 3259 1127 3310 in

125 3331 251 3400 exemplo
276 3330 461 3396 Lessingiano
488 3344 505 3379 a
532 3334 720 3380 correctorum
747 3327 835 3380 altero
857 3321 995 3394 expletum
1014 3333 1059 3381 eet
1078 3341 1128 3398 per

124 3396 204 3470 νάρω,
221 3401 256 3452 ab
276 3399 365 3452 altero
383 3399 411 3450 in
431 3395 556 3464 margine
572 3409 622 3462 per
640 3398 757 3468 τομάρω.
789 3395 856 3449 cod.
876 3397 943 3448 llav.
961 3396 1009 3448 dat
1026 3393 1066 3465 epi
1081 3393 1128 3446 Ait

123 3468 178 3522 τῶν
193 3462 310 3539 &purple
345 3465 496 3518 lateralia
517 3470 610 3516 autem
627 3480 690 3517 mea
710 3447 745 3516 ad
764 3462 838 3516 huno
857 3463 948 3518 locum
971 3463 1153 3516 commenta*
1180 3503 1185 3526 ι

124 3534 177 3590 boc
195 3552 304 3608 quoque
319 3541 398 3598 erat,
426 3541 461 3586 nt
478 3534 619 3602 vulgatam
640 3532 793 3602 doduvnip
813 3548 908 3585 verum
927 3539 1066 3601 putarem,
1092 3546 1126 3583 ex

126 3607 201 3674 cujus
221 3606 369 3674 postremis
394 3601 512 3670 syllabis
536 3607 618 3652 natas
642 3599 710 3653 mihi
728 3603 859 3671 lingerem
877 3615 932 3670 non
953 3601 1041 3652 solum
1061 3599 1127 3650 Les·

124 3677 165 3728 sin
186 3677 264 3727 ianas
292 3672 355 3725 illas
384 3672 545 3741 compturus,
575 3667 625 3722 sed
649 3671 739 3738 ipsum
771 3685 879 3739 quoque
903 3669 981 3722 roais
1004 3660 1129 3738 «ἀροτριῖς

123 3743 247 3806 initium,
270 3744 311 3796 ila
334 3748 366 3793 ut
383 3736 445 3792 sola
470 3739 581 3808 syllaba
598 3740 679 3809 τρεῖς,
709 3753 779 3806 quae
800 3739 884 3790 boum
905 3752 1044 3790 numerum
1063 3719 1127 3802 deli-

124 3813 211 3875 niret,
235 3807 378 3865 retinenda
405 3815 488 3860 esset.
541 3807 576 3858 Et
600 3805 654 3858 boc
678 3807 803 3860 ultimum
828 3808 917 3860 solum
938 3821 1032 3858 vemm
1053 3813 1124 3855 erat:
1223 3853 1226 3861 ,

125 3893 229 3942 eorum,
263 3895 332 3961 quae
362 3875 780 3956 praecedunt,'re-stitutionem
807 3875 961 3944 Spaldingo
990 3871 1128 3952 debemus.

125 3948 151 4000 ls
172 3951 244 4003 enim
270 3965 298 4000 m
323 3947 461 4014 scriptura
480 3945 667 4014 Lessingiana
690 3944 778 3997 altera
794 3939 910 4014 τομάρῳ,
936 3950 1051 4010 agnovit
1073 3937 1126 3992 To.-

125 4033 229 4071 morum
268 4018 328 4068 sive
356 4013 485 4066 Tutorem
511 4020 632 4065 orontem
653 4012 734 4077 'apud
764 4011 924 4076 Dodpuam,
952 4017 980 4062 et
1004 4023 1053 4076 pro
1073 4008 1127 4058 Do·
1227 4034 1229 4042 ι

125 4086 235 4139 donaeo
257 4085 349 4165 loven
368 4075 403 4135 erl
423 4083 523 4160 glossa,
540 4088 628 4162 nato..
658 4078 799 4133 linarium
821 4080 915 4133 lovem
933 4075 1127 4161 illesycbius:

122 4143 689 4286 ltlt‘ialtilil‘f’iltl„lli
707 4147 848 4270 illiti
867 4153 1038 4272 iiiiii
1051 4159 1128 4264 titi

58 4286 64 4299 “
124 4291 237 4361 eiusque
261 4289 400 4356 scriptura
420 4284 479 4340 τῶν
499 4284 655 4340 divellenda
672 4286 702 4339 iu
718 4285 758 4362 τῷ
775 4289 810 4352 ἐν,
830 4283 1028 4374 updo‘optima
1046 4246 1129 4334 exsti:
