2860 4890
491 349 496 355 ν
558 341 759 362 -ι--ι--λ-ι-

122 531 124 534 .
154 487 283 557 quodam,
305 483 367 538 toro
393 488 453 538 siue
481 482 574 549 dubio,
599 489 726 545 versatos
745 501 807 540 esse
827 485 956 553 arbitros,
977 491 1103 560 quamvis
1122 507 1167 546 aa·
1251 535 1259 542 ,

154 556 278 610 casaturi
294 555 406 623 iegibus
426 553 535 606 astricti
553 560 657 617 esspot,
675 561 707 606 ot
723 567 773 624 per
782 555 909 628 κλητῆρας
925 561 953 610 in
969 560 1015 626 jos
1032 557 1165 615 uocareht

153 621 348 688 accusandum,
370 626 432 674 sino
457 621 551 684 dubio,
574 626 605 672 ut
626 621 672 674 hic
700 625 794 675 omnia
811 621 990 694 ‘praeparare
1014 631 1171 695 possetad,

147 693 285 762 judicium
309 692 488 760 subeundum.
531 689 638 752 Quibus
663 693 800 755 omnibus,
820 695 934 761 opinor,
953 696 1101 764 colligitur,
1119 713 1162 750 ap.

152 764 242 816 bitros
269 769 325 815 non
350 761 447 814 eodem
471 759 554 812 modo
582 755 747 816 ὑπευθύνους
771 761 872 825 fuisse,
904 779 957 832 quo
981 765 1163 830 magistratus
1310 805 1313 812 ,

170 831 265 899 roprio
278 846 367 882 sensu
386 831 428 882 sic
445 833 572 890 vocatos,
590 841 608 878 a
620 829 727 896 'quibus
746 827 905 898 discrepare
922 832 1041 884 arbitros
1059 839 1162 900 pateat.
1258 851 1263 862 ·

177 912 213 954 ou
234 899 308 952 enim
335 897 422 952 video
438 913 487 949 cur
504 895 660 964 εἰσαγγελία
683 898 826 950 nominata
851 906 927 952 esset
942 900 977 952 lis
997 900 1104 954 arbitro
1121 903 1162 956 in·

149 969 230 1031 lata„
247 969 273 1018 si
294 967 455 1025 conveniret
480 978 543 1020 curn
567 965 616 1020 lite
630 966 852 1034 'magistratibus
871 971 956 1032 iacta,
975 985 1045 1037 quae
1063 963 1163 1037 mota,

151 1036 361 1090 nominareturt
398 1035 507 1088 Natura
523 1040 617 1087 autem
635 1035 804 1103 εἰσαγγελλας
822 1043 1003 1104 εεεεαλαεεῑ,
1030 1038 1055 1090 si
1079 1041 1161 1092 sumi·
1221 1058 1223 1064 ¹

151 1103 449 1171 consonantiarum
469 1103 524 1156 nisi
541 1118 590 1170 per
609 1108 799 1157 accusatorem
818 1105 938 1174 atiqueni
958 1108 1021 1176 cogi
1038 1109 1161 1174 potuisse

151 1182 182 1228 ut
199 1177 337 1226 rationem
357 1171 504 1236 redderet;
523 1172 663 1224 rationem
680 1185 743 1224 cum
763 1183 817 1225 non
833 1175 951 1238 dedisse,
970 1177 994 1228 si
1011 1183 1161 1230 accusator
1208 1235 1210 1240 ⁸

152 1259 206 1296 non
228 1242 368 1296 coerceas
391 1239 439 1293 Sic
459 1247 536 1292 recte
561 1238 616 1291 hac
634 1245 744 1309 quoque
763 1242 791 1292 in
809 1257 842 1294 re
858 1243 1016 1312 discrepant
1034 1249 1108 1298 inter
1127 1261 1159 1298 se

148 1309 267 1380 judices,
287 1313 335 1380 qui
351 1309 433 1378 piane
449 1309 552 1361 nuttam
572 1307 707 1360 rationem
725 1310 888 1374 reddebant,
906 1309 1014 1375 arbitri,
1034 1315 1080 1382 qui
1098 1312 1159 1366 red·

151 1381 262 1443 deberit,
284 1382 307 1432 si
326 1383 473 1432 accurator
491 1377 598 1444 oderat,
616 1376 806 1446 magistratus,
829 1381 875 1448 pui
895 1393 1005 1450 semper
1023 1381 1161 1462 εἰαρινοῖσι

143 1451 289 1502 'rationem
310 1449 424 1501 reddare
453 1444 598 1498 debebant.
648 1447 734 1498 Abest
748 1449 848 1516 'igitur
873 1442 1118 1503 sauroctonon
1139 1468 1157 1504 a

149 1519 214 1571 dica
230 1517 348 1570 arbitris
361 1519 476 1569 intenta.
515 1514 594 1576 Quae
611 1529 673 1566 cum
690 1515 733 1566 ita
750 1516 814 1579 sint,
824 1531 891 1568 non
908 1519 988 1570 firme
1008 1520 1156 1573 contende·

149 1590 203 1642 rim
223 1599 284 1638 cum
308 1585 415 1638 Meiere
441 1582 704 1652 Sohaemusque,
728 1583 1045 1656 adiogistae,quon1m
1066 1589 1156 1670 auspi»

150 1657 203 1710 ciis
223 1655 329 1708 tiebant
343 1653 494 1722 euthyooe,
511 1653 594 1706 etiam
611 1651 663 1704 has
681 1654 848 1723 εἰσαγγελίας
866 1654 973 1710 delatas
991 1671 1062 1712 esse.
1084 1655 1155 1708 Nam

148 1741 204 1778 non
222 1725 313 1786 video,
331 1723 426 1792 quidni
439 1720 503 1772 'hae
524 1736 632 1789 quoque
659 1719 836 1774 adsecutum
857 1723 1051 1791 pertinuerint,
1074 1739 1154 1794 uuum
1254 1731 1256 1741 ⁴

150 1792 273 1846 adhunc
297 1798 327 1843 et
350 1789 385 1842 ad
408 1789 537 1859 populutn
566 1803 660 1841 omues
685 1790 863 1859 εἰσαγγελίαι,
887 1800 1003 1862 excepta
1022 1807 1077 1845 uoa
1094 1793 1156 1864 napi

149 1857 300 1921 κακώσεως,
320 1857 501 1913 deferrentur.
547 1857 602 1910 Sed
627 1872 709 1926 quum
737 1865 847 1914 senatus
867 1878 920 1912 non
941 1861 1075 1914 mulctare
1094 1875 1156 1928 pos·

149 1936 195 1983 set
213 1931 269 1982 nisi
291 1923 610 1997 quingentis-drachmis
631 1933 659 1978 et
684 1925 747 1980 lites
767 1925 867 1994 niujori
883 1930 989 1982 mulcta
1006 1931 1154 1982 aestiman-

148 2001 200 2052 das
225 1998 260 2049 ad
282 1998 388 2066 judices
413 1996 544 2058 deterret,
567 2000 643 2048 recta
668 1995 737 2048 dicit
760 1997 959 2066 Harpocratio:
984 1997 1045 2061 ἰξῆν
1059 1997 1155 2052 τοῦτον

147 2061 331 2137 εἰσαγγέλλειν
352 2065 438 2136 προς
457 2063 538 2118 τούξ
558 2059 710 2125 diseede,
734 2067 863 2133 quoniam
884 2065 1057 2120 condemnati
1079 2067 1152 2118 arbi-

149 2135 185 2188 tri
202 2135 324 2188 rria'xima
341 2134 441 2201 capitis
460 2133 646 2184 deminutione
666 2132 879 2186 mulctabantur.
922 2177 925 2184 ,
1180 2183 1181 2188 ,

153 2265 156 2272 ⁴
215 2203 278 2256 Non
295 2204 362 2254 vero
381 2205 409 2257 i'o
430 2216 473 2262 eo,
492 2201 565 2268 quod
592 2199 681 2252 abfuit
698 2201 793 2253 Strato
813 2203 1153 2262 sommamacc'usatio'nis
1237 2229 1242 2240 ·

147 2278 287 2325 versatam
313 2285 403 2332 esse,¹
416 2271 500 2322 etiam
530 2269 629 2320 otarius
652 2271 680 2320 in
705 2271 884 2337 sequentibus
904 2271 1082 2338 exprimitur,
1104 2272 1152 2323 ub'i

148 2349 205 2394 tam
220 2355 303 2406 saepe
322 2346 405 2410 atque
424 2337 580 2406 emphatice
599 2338 683 2389 verbo
702 2329 867 2403 ἀδικηθῆναι
886 2341 974 2392 utitur
991 2341 1100 2402 Orator,
1121 2347 1152 2392 ut

147 2425 203 2462 non
231 2409 369 2476 possimus
395 2408 459 2476 quin
485 2409 667 2472 accipiamus,
693 2406 743 2458 rod
767 2401 897 2473 οἷθικῆσαι
913 2409 1070 2460 accusatum
1089 2423 1151 2460 esse

148 2478 317 2540 Stratonem,
338 2489 394 2529 non
415 2477 568 2528 absentiae.
604 2475 682 2526 Dicit
704 2474 779 2528 enim
797 2477 844 2528 iile
863 2480 943 2530 hctus
960 2476 1063 2528 Midiae
1083 2479 1150 2528 amb
1188 2476 1191 2486 ’

148 2563 211 2599 eus:
246 2541 324 2598 Πάν-ν
344 2561 392 2615 γε·
431 2538 500 2614 addid
524 2538 619 2596 δάείνει
642 2541 689 2595 καὶ
705 2543 797 2606 rodco,
824 2545 889 2597 ὅταν
913 2544 1025 2596 ἐκτίνειν
1047 2537 1152 2599 ἆιίίκως

149 2611 209 2686 δέη·
232 2609 327 2681 συνέβη
345 2612 376 2664 di
392 2609 546 2681 ὑπερημέρῳ
563 2608 701 2682 γενομένῳ
720 2613 816 2669 λαθεῖν
835 2604 914 2682 αὐτῷ,
935 2612 998 2664 διὰ
1014 2614 1051 2664 rd
1070 2604 1152 2662 αἰίι-

145 2679 304 2748 οἰηθῆναι,
325 2682 370 2733 cui
394 2681 544 2749 respondet
565 2681 775 2744 Demosthenes,
802 2697 884 2750 quom
906 2681 1006 2740 Midias
1022 2681 1069 2732 iilo
1087 2681 1149 2747 ipso

147 2751 191 2804 die
217 2755 346 2819 expertus
368 2751 420 2813 sit,
448 2765 478 2802 se
505 2748 662 2801 damnatum
688 2764 762 2813 esse,
789 2749 843 2802 hoc
857 2750 1004 2802 maximum
1024 2749 1150 2802 testimo·

140 2817 489 2892 ,niutaxesse‘rcriprrpda‘v
515 2810 800 2882 idrxnxe‘ramdr
821 2815 976 2890 ιῗένθρίοπονΔ
1021 2817 1057 2869 ut
1076 2817 1151 2870 infra
1190 2873 1193 2884 .

146 2886 172 2954 θ’.
195 2885 236 2942 26.
254 2905 277 2941 e.
300 2887 370 2940 haec
391 2887 478 2939 verba
496 2885 564 2937 facit
583 2887 692 2947 Orator,
717 2884 759 2938 ών
774 2879 852 2942 odada
866 2879 1065 2950 ἦιίικῆσθαί
1082 2902 1154 2954 φησι

145 2952 242 3026 μόνον,
268 2947 298 3010 οὗ
322 2953 376 3036 γάρ
400 2947 544 3018 tornata
563 2969 603 3024 γε.
648 2955 775 3007 Ceterum
801 2955 934 3026 pertinuit
957 2955 1077 3008 fortasse
1096 2953 1150 3008 hoo
1247 3009 1250 3020 ,

146 3027 249 3078 crimen
282 3025 317 3076 ad
340 3025 416 3077 iilam
444 3037 571 3084 causam,
600 3037 672 3091 quae
701 3023 912 3092 nuncupabatur
939 3024 1011 3090 apud
1041 3025 1148 3076 Atticos

144 3088 254 3148 ἀδικίας
274 3095 334 3146 sire
361 3085 486 3156 ἀδικίου,
510 3091 588 3158 cujus
613 3091 735 3144 criminis
758 3100 889 3145 accusato
915 3092 1070 3160 εἰσαγγελία
1089 3093 1155 3144 sira
1219 3113 1229 3154 ¹,

145 3181 169 3215 π·
183 3162 259 3230 οβολή
282 3162 464 3224 inferebatur,
488 3159 634 3212 damnatus
659 3160 754 3212 eadeoi
779 3177 869 3228 poena
891 3161 1075 3222 afficiebatur,
1094 3175 1147 3228 qua

145 3181 305 3284 Sdiatonem
330 3231 494 3304 mulctptuirr
518 3229 660 3290 videmus,
689 3229 809 3280 maxima
834 3231 935 3298 capitis
952 3230 1147 3281 deminutione.
1205 3285 1208 3292 ,

146 3299 177 3352 V.
205 3299 301 3352 Meter.
324 3303 352 3352 et
376 3299 504 3352 Schoem.
528 3314 554 3366 p.
578 3296 629 3348 aot
648 3311 704 3365 sqq.
754 3297 795 3348 iix
821 3298 1000 3366 sequentibus
1023 3301 1147 3366 apparet,

145 3369 268 3436 potuisse
288 3367 397 3420 institui
414 3358 460 3430 την
478 3359 516 3438 μὴ
531 3351 615 3418 οὖσαν
633 3375 730 3417 contra
751 3366 849 3439 arbitri
866 3369 1039 3428 sententiam,
1059 3378 1147 3432 neque

144 3451 212 3486 vero
234 3436 289 3504 per'
302 3435 471 3506 εἰσαγγελίαν
482 3433 652 3487 sententiam
672 3435 767 3486 arbitri
788 3435 894 3487 irritam
912 3437 975 3488 iteri
1010 3435 1080 3486 Nam
1094 3434 1147 3484 etsi

146 3504 240 3556 Strato
265 3505 466 3556 condemnatus
490 3513 567 3566 erat,
588 3509 679 3554 tamen
709 3503 801 3556 dicere
824 3504 915 3574 potuit
933 3493 1146 3556 Demosthenes:

144 3565 207 3624 ἄλλ’
230 3568 323 3636 ἐπειδή
341 3591 373 3643 γε
388 3565 522 3641 ἠτίμωσεν
540 3569 572 3636 dy
588 3560 720 3638 ἠβουλήθη
736 3571 782 3622 καὶ
800 3565 873 3624 τοῦτ’
894 3563 1057 3656 ἐχαρίσασθ’
1073 3559 1149 3638 αὖτῷ
1211 3563 1220 3586 ’

143 3639 190 3694 καὶ
207 3641 255 3705 την
278 3634 380 3708 ἀναιδῆ
401 3633 520 3711 γνώμην,
543 3637 560 3714 ᾗ
586 3639 670 3691 ταῦτα
695 3641 864 3713 προαιρεῖται
888 3657 986 3700 ποιειν,
1009 3634 1148 3700 ἐνέπλησεν

144 3707 342 3772 αὖεοῦ,“ἰκελνο
364 3708 477 3776 ἐποίησε,
501 3707 562 3771 τήν
586 3708 782 3771 κατάιλίκην
807 3705 969 3770 ἒκιέτικε,
988 3698 1030 3756 dr'
1049 3701 1148 3769 ιῖννὸν

143 3769 728 3913 aautietauztrtftttttaf
746 3768 893 3914 etiae
906 3769 1147 3912 ”aarum

140 3913 199 3981 jam
219 3915 346 3968 vidimus.
361 3954 367 3974 ,
385 3916 445 3968 Non
459 3907 652 3981 igitur‘volutt
667 3913 768 3965 Midias
788 3909 973 3982 εἰσαγγέλλων,
993 3917 1025 3962 ut
1037 3916 1147 3962 senten·

144 3983 185 4034 tia
204 3983 242 4035 de
258 3999 288 4036 se
308 3985 365 4036 iata
387 3983 599 4043 rescinderetur,
618 3981 666 4034 sed
685 3985 716 4032 ut
735 3981 908 4044 Stratonem,
927 3979 1006 4048 qiicm
1026 3981 1149 4032 corrum⁴
1194 3979 1197 3985 '

144 4067 210 4120 pere
229 4067 284 4104 non
304 4060 406 4121 posset,
425 4051 615 4104 ulcisceretor.

213 4119 360 4188 Postquam
384 4127 475 4172 autem
502 4121 529 4174 in
556 4117 733 4187 sequentibus
759 4115 830 4168 dixit
846 4117 954 4184 Orator,
974 4113 1088 4167 Midiam
1104 4129 1148 4165 us·

141 4203 196 4256 que
214 4185 303 4240 a'dhuc
321 4189 450 4240 mulctam
471 4204 524 4238 non
542 4185 634 4250 luisse,
656 4194 683 4237 et
701 4191 786 4237 testes
803 4185 950 4252 produxit,
962 4185 1009 4254 qui
1027 4184 1148 4236 aiiirma·
1201 4225 1206 4245 ,

141 4263 214 4322 rent,
232 4272 299 4310 vera
318 4260 406 4326 ipsum
428 4256 540 4319 dixisse,
560 4253 595 4306 ad
612 4262 781 4324 postremum
799 4255 890 4322 legem
908 4251 941 4308 dc
962 4253 1075 4307 arbitris
1093 4250 1151 4319 legi
