2888 4890
510 269 714 292 ···-·-······
1080 237 1121 312 47

31 435 87 495 535,
100 391 307 498 Weiss
327 407 403 472 ''tut
430 405 486 482 τὰς
502 404 564 472 τῶν
578 404 765 494 γρυσογόων
787 407 883 480 οίκίας
900 399 1027 514 νίκτωρ,
1049 406 1122 474 οὐδὲ

100 487 297 584 κατεβρίγγνυε
323 489 363 556 τὰ
391 491 676 578 παρασκευαζόμενα
712 481 815 576 ίμοίτια
841 495 883 565 εἰς
916 491 971 572 τὴν
996 489 1119 577 εορτῆν·

102 581 177 648 οὐδὲ
199 581 351 661 διέφθειρε
378 576 571 658 διδάσκαλον,
597 576 668 648 οὐδὲ
706 577 779 661 ορὸν
797 573 962 658 μανθάνειν
980 577 1115 655 ἐκώλυεν,

102 665 177 733 οὐδὲ
197 656 548 742 penthemimeris
569 656 661 736 οὗτος
681 601 884 748 ίιεπράττετο,
903 663 1016 725 ἐποίει·
1036 661 1117 728 ἀλλὰ

101 761 169 826 τοία
189 749 291 832 νόμοις
310 749 362 812 καί
381 750 419 831 τῇ
441 745 503 812 niv
520 746 622 812 ἄλλων
640 747 778 834 βουλήσει
799 745 971 831 συγχωρῶν,
988 747 1117 831 ἠνείχετο
1174 749 1176 760 ’

102 838 156 902 καί
176 835 304 902 νικῶντα
332 833 383 896 καί
401 823 622 916 ’ςιφανοίριευον
652 831 706 896 τὸν
727 825 838 916 ἐχθρὸν
857 831 947 915 ὁρῶν.
984 831 1150 910 είκιίτως.ε,

103 915 176 1006 ἐνῆ
203 915 267 1005 γὰρ
293 916 385 992 αὐτὸς
408 916 557 1001 εὐδαίμων
588 916 653 1014 ᾔδει
675 940 764 998 γεγον
808 939 814 948 ·
840 915 990 1000 πολιτείᾳ,
1022 911 1118 1002 ταίτη

104 990 269 1091 συγχωρεῖν
296 1006 335 1066 τὰ
365 1001 498 1067 τοιαῦτα
524 1002 619 1085 ἠξίου.
662 999 752 1067 πάλιν
776 997 970 1084 Φιλότρατον
988 989 1159 1090 decoris,

104 1095 186 1174 ἴσμεν
205 1089 260 1154 τὸν
273 1086 476 1170 Koleovipdeu¹
488 1089 535 1167 δι’,
556 1091 698 1173 Χαβρίου
708 1089 951 1171 κατηγοροῦντα,
968 1085 1122 1173 ὅτ”ἒκρί-

102 1201 172 1242 νετο
189 1175 246 1286 τῂν
258 1173 326 1260 περὶ
340 1173 376 1238 Ὠ
398 1171 530 1240 ωτιοῦ83
554 1176 650 1257 κρίσιν
668 1170 819 1250 θανάτου,
847 1172 899 1240 καί
917 1168 1039 1236 πάντων
1060 1171 1123 1242 saus

103 1284 284 1352 κατηγσρων
302 1198 487 1342 πικρίτατον
502 1256 726 1340 reciperatum,
746 1256 798 1318 καί
816 1253 892 1336 μετὰ
913 1258 1124 1350 ταῦτα’χορη-

103 1369 220 1425 γουντα
241 1344 372 1408 παισίῧ*
394 1339 549 1424 Διονύσια,
559 1341 613 1431 καί
633 1339 767 1424 νικῶντα,
785 1341 882 1406 καί85
904 1345 1048 1429 Χαβρίαν
1070 1345 1123 1410 οὔ.

143 1579 146 1587 ·
176 1552 229 1606 184
265 1553 360 1622 Pagus
377 1545 511 1608 Κολωνός.

176 1645 211 1698 83
249 1645 388 1708 Thebani,
417 1645 517 1714 quibus
544 1659 626 1712 opem
657 1641 732 1699 serre
763 1646 862 1695 contra
877 1637 1126 1700 ¹Lacedaemonios

105 1715 231 1783 jusserat
250 1715 324 1767 cives
348 1714 492 1777 Chabrias,
516 1713 647 1782 Oropum,
668 1712 816 1767 finitimum
834 1712 889 1764 sibi
908 1714 1048 1781 oppidum,
1068 1732 1127 1768 ser-

106 1787 168 1837 vati
187 1783 401 1836 Atheniensibus
425 1784 541 1836 reddere
565 1782 729 1845 doluerunt,
754 1781 828 1833 unde
853 1789 998 1835 accusatus
1015 1790 1060 1836 est
1079 1783 1127 1838 hic

108 1860 243 1922 tanquam
265 1853 443 1906 conscinset
462 1853 555 1904 socius
574 1851 700 1918 injuriae.
737 1849 801 1902 Non
818 1849 901 1902 video
918 1858 1023 1916 autem,
1039 1869 1127 1921 quara

109 1923 254 1990 Taylorns
277 1926 363 1990 neget
386 1919 436 1986 τὴν
455 1916 517 1989 περί
532 1912 658 1990 Ὠρωποῦ
675 1921 769 1992 κρίσιν
784 1933 846 1972 esse
861 1933 943 1986 posse
962 1935 1076 1976 eausam
1093 1923 1127 1974 il·

108 1991 177 2052 lam,
206 2005 289 2058 quam
314 1996 442 2042 orantem
469 1989 584 2042 audiens
608 1987 809 2050 Callistratum,
833 1986 1010 2056 eloquentiae
1030 2005 1126 2044 amore

129 2060 229 2110 rimum
246 2061 354 2116 exarsit
368 2057 583 2113 Demosthenes.
617 2054 681 2109 Vid.
701 2055 773 2114 Plut·
790 2055 936 2126 Demosth.
951 2055 978 2108 5.
998 2074 1026 2126 p.
1035 2058 1128 2116 star.

81 2075 306 2182 xf'seudo-Plut.
325 2127 361 2180 X.
381 2124 462 2180 Rhet.
481 2143 508 2196 p.
527 2123 587 2180 844.
602 2125 632 2179 b.
652 2123 725 2180 Gall.
741 2121 768 2176 3.
787 2122 828 2177 13.
865 2125 962 2178 Fuisse
982 2142 1044 2180 eam
1063 2131 1137 2181 can>

110 2212 182 2258 sam,
207 2196 313 2249 diserte
341 2193 467 2254 defendit
495 2195 582 2248 Heur.
612 2193 741 2248 Valesius
772 2194 808 2246 ad
832 2197 920 2248 hmm.
946 2187 1071 2250 Marcell.
1100 2213 1128 2266 p.
1225 2257 1228 2268 Ι

111 2262 288 2333 (Annotatt.)
311 2261 370 2314 403.
414 2263 506 2330 Quare
532 2269 623 2318 autem
651 2263 726 2316 inter
748 2267 925 2317 'accusatores
951 2265 1128 2332 potissimum

111 2333 249 2386 Chabriae
275 2333 362 2386 fuisse
391 2332 567 2388 Callistratus
599 2333 728 2388 videatur
756 2331 887 2398 Valesio,
920 2332 1048 2402 equidem
1073 2351 1129 2390 non

106 2401 238 2521 ⁷glzirrerim.
256 2401 381 2524 SISJuidas
402 2399 468 2476 ιίσὲρ
490 2395 633 2475 Ὠρωπίων
656 2403 761 2458 dixisse
780 2401 970 2482 Callistratum
989 2405 1031 2481 ait
1049 2403 1079 2456 in
1097 2419 1127 2456 r.

138 2487 236 2542 ρωπίαι
302 2509 309 2525 ι

182 2561 249 2632 [83a
283 2562 377 2620 Patris
401 2562 551 2618 lectionem
573 2557 754 2634 γεγενημένον
781 2563 811 2616 in
840 2564 909 2634 llug.
934 2563 998 2617 Par.
1019 2561 1054 2615 kr
1083 2577 1131 2616 ex-

112 2639 245 2696 stantem,
271 2648 289 2686 a
314 2631 445 2686 Bellero
469 2634 537 2686 vero
560 2633 722 2700 Meieroque
748 2633 924 2700 repudiatam
952 2638 981 2686 et
1006 2630 1067 2700 ipse
1095 2648 1131 2686 ex
1214 2695 1219 2700 ,

112 2703 210 2759 ordine
228 2701 333 2770 expuli,
352 2701 418 2770 quia
437 2708 561 2770 apparet,
574 2709 604 2755 et
622 2719 748 2772 γεγειγμ.
767 2711 796 2756 et
812 2698 924 2772 γιγνόμ.
944 2699 1131 2772 emendatori·

112 2770 167 2824 bus
191 2771 298 2833 deberi,
324 2771 372 2838 qul
393 2771 570 2838 participium
592 2772 750 2838 praesentis
767 2773 870 2824 ceteris
889 2761 1048 2838 participiis'
1065 2785 1131 2822 con·

112 2857 211 2909 gruum
229 2837 429 2892 desiderarent.
455 2837 512 2892 Sed
529 2835 673 2911 γενόμενος
692 2839 827 2922 ejusmodi
846 2840 1057 2909 participiorum
1076 2845 1129 2904 cst,
1202 2881 1205 2888 .

113 2907 271 2976 cujusmodi
296 2913 361 2958 sunt
384 2903 411 2960 τί
434 2903 571 2971 θανόντες,
594 2909 627 2961 ,oi
641 2924 781 2980 καμοντις,
797 2915 909 2962 ‘statum
929 2907 1129 2962 conditionem·

113 2995 165 3048 qne
194 2975 394 3046 significantia.
438 2977 517 3032 Cous.
547 2977 619 3030 Plat.
649 2976 683 3030 de
714 2977 789 3048 legg.
816 2977 874 3031 Vll.
900 2981 926 3046 p)
952 2975 1027 3034 599³
1062 2977 1129 3048 πρὸς

111 3042 198 3116 τούτῳ
220 3033 255 3109 τίῆ
271 3044 334 3106 νῦν
352 3039 539 3115 γενόμενον
562 3045 603 3117 τῷ
625 3041 699 3116 λόγῳ
724 3044 860 3120 πάθωμεν
880 3047 911 3102 τί
936 3043 1041 3122 πρέπον
1064 3045 1130 3118 ἡμῖν

112 3108 212 3170 αὐτοῖς.
257 3111 349 3178 Sicci
367 3114 398 3164 iv
413 3111 518 3179 ποιήσει
535 3112 701 3186 γενόμενοί]

182 3203 218 3258 84
253 3205 317 3259 Vid.
334 3206 360 3272 ξ.
380 3203 405 3259 4.
427 3223 450 3261 e.
465 3207 495 3260 in
513 3208 574 3280 lege
592 3208 662 3273 ,Kal
679 3208 707 3261 oi
723 3207 845 3272 natuer’,
867 3207 899 3262 it.
921 3213 979 3262 not.
1000 3209 1037 3260 ad
1055 3205 1084 3292 Q.
1105 3207 1130 3263 1.

114 3293 142 3328 a.
163 3276 285 3328 Tirones
311 3275 462 3330 observent
486 3277 676 3332 accusativum
697 3278 858 3331 certaminis
878 3276 943 3330 addi
959 3279 1075 3330 verbio
1096 3295 1131 3332 ω-.
1177 3303 1181 3314 ·

113 3347 249 3407 νίζεσθαι,
284 3363 297 3394 ο
316 3344 399 3414 ηγεῖν,
413 3344 501 3418 ννκρίν,
522 3353 554 3400 ut
569 3346 651 3421 νικρῖν
666 3339 804 3416 Ὀλύμπια,
820 3341 916 3400 Πύθια
937 3353 967 3400 et
982 3349 1045 3400 sim·
1094 3345 1131 3398 id.

114 3415 213 3492 ilerm.
233 3359 349 3482 afflig.
366 3430 392 3484 p.
412 3413 471 3466 740.
490 3414 573 3480 (754.)
767 3425 777 3435 ”
1039 3449 1041 3454 s

184 3505 238 3560 85Ι
256 3504 387 3574 Ejecerat
413 3504 468 3563 hoc
496 3503 686 3560 xciiRoisliio
711 3510 864 3576 praeermte
892 3506 1073 3576 Spaldingus,
1101 3509 1131 3558 at

115 3591 271 3642 sermonem
296 3577 338 3630 ita
357 3575 498 3638 struebat,
519 3581 551 3628 ut
573 3577 749 3629 accusativus
771 3575 898 3646 Χαβρίαν
912 3573 1046 3630 τίκτοντα
1062 3589 1132 3630 cum⁴

115 3643 333 3698 adhaerentibus
353 3645 430 3698 solus
462 3645 498 3696 ab
525 3645 605 3715 ίσμιν
631 3647 781 3714 penderet,
801 3647 931 3715 superior
956 3653 1048 3700 autem
1077 3643 1126 3696 ille
1151 3629 1155 3654 ¹

117 3707 289 3784 Φιίόςρατσν
307 3729 393 3782 usque
415 3712 450 3764 ad
476 3711 595 3766 νικῶντα
613 3727 631 3765 a
646 3715 733 3774 verbo
748 3711 863 3778 τύπτειν,
880 3713 954 3785 quod
965 3720 1009 3768 est
1026 3715 1056 3766 in
1075 3712 1131 3765 hoc

115 3777 259 3834 τίκτοντα.
300 3784 350 3836 Cui
376 3783 480 3836 rationi
503 3783 597 3836 obstat
620 3799 751 3846 praesens
771 3784 977 3857 κατηγοροῦντα.
1014 3782 1085 3834 Nam
1106 3781 1131 3834 si

116 3849 146 3901 in
172 3851 265 3926 frpnte
289 3853 424 3906 sermonis
443 3851 504 3919 jam
531 3851 560 3903 in
582 3852 674 3905 animo
695 3851 840 3906 habuisset
864 3867 959 3906 orator
980 3851 1050 3904 haec
1078 3857 1132 3903 Φι-

118 3912 250 3992 λόςρατον
276 3919 367 3974 ἔτυπτε
392 3923 523 3994 Χαβρίας,
550 3931 611 3982 ,νον
637 3928 748 3989 poterat
776 3939 832 3974 non
857 3937 960 3990 ponere
988 3913 1132 3992 κατηγορὴ-
1183 3941 1185 3948 v

119 4002 225 4054 camo„
255 3983 311 4040 Sed
326 4004 394 4041 sana
416 3995 460 4042 est
475 3990 598 4058 vulgata·
639 3991 741 4044 Omnia
759 3990 829 4044 haec
844 3989 994 4060 participia
1010 3989 1133 4058 pendent
1220 4013 1222 4016 ·

119 4055 156 4105 ab
173 4057 254 4126 ἴσμεν
271 4063 387 4126 suntque
404 4059 553 4128 partieipia
568 4075 639 4128 qnae
659 4061 789 4114 dieantur
803 4057 972 4127 imperfecti,
992 4057 1132 4110 actionem

119 4124 306 4179 continuatam
325 4127 371 4181 vel
394 4129 540 4196 repetitam
564 4129 757 4198 exprimentia.
791 4125 885 4198 ’Ἰσμιν
902 4122 1072 4204 Φιλόςρατον
1098 4145 1133 4165 -··
