2888 4890
815 93 819 120 ,
848 96 850 105 ,

291 275 333 342 36
400 289 405 300 ’
700 313 904 332 ----
948 319 953 332 ι

455 415 457 423 s
1064 374 1066 380 '
1222 361 1248 427 ὃ.
1270 360 1310 416 ld

292 443 378 518 ἄξιος
400 442 607 506 εἶναι’παδοῖν
629 439 649 524 ἢ
669 437 828 504 ἀποτῖσαι.
850 439 919 505 door
938 439 970 505 δ’
989 441 1028 506 o'r'r
1041 429 1311 530 7902me

294 530 354 610 φὰς
372 526 509 602 ῖδίος”“7
532 523 612 590 κατὰ
632 522 685 590 τὸν
704 522 805 608 νόμον,
824 523 875 590 ἐάν
890 551 934 600 τις
953 527 992 609 μὴ
1011 525 1167 622 ἐπεξέλθῃ,
1185 531 1311 606 ἢ·’ἑ’πεξ-
1370 585 1374 592 .

169 643 177 666 1
213 643 218 648 ·
294 614 362 676 robr'
376 608 416 694 μὴ
443 605 598 696 perclusit}
622 611 823 692 rd'ae'pnrov
849 612 946 696 μέρος
965 617 1026 675 τῶν
1052 613 1175 696 ψήφων,
1199 613 1310 677 ἀποτι-

296 696 380 766 σοὲτοσ
401 694 494 780 χιλίας
513 679 646 780 δραέρὰς
664 697 709 776 τῷ
731 692 876 776 δημοσίῳ.
900 693 951 758 ἐὰν
972 693 1005 757 δὲ
1026 695 1174 782 ἀργυρίου

293 807 347 932 ρρσς
367 779 489 904 ῧρδρερος,
511 778 658 868 dedendo,
685 778 736 849 ἐὰν
765 777 924 866 ἐλεύθερον
946 779 1065 873 ὑβρίσῃ,
1088 784 1186 870 μέχρις
1204 807 1242 847 ur
1260 805 1311 846 εκ·
1399 856 1402 867 Ι

342 893 361 960 ῃ
423 911 432 928 ·
771 896 781 904 nv

366 1099 415 1153 147
444 1097 637 1174 [opponuntur
654 1099 700 1152 hic
718 1097 817 1152 urna.
832 1099 931 1158 ,οσιαι
947 1084 1105 1172 ,nabars
1123 1095 1219 1157 aaran
1238 1099 1311 1153 uam

296 1171 341 1240 qui
365 1185 477 1222 causam
501 1172 637 1238 privatam
662 1174 820 1238 susceptam
846 1169 956 1234 abjicit,
983 1185 1076 1236 poena
1102 1187 1154 1223 non
1181 1170 1313 1231 aflicitur,

297 1240 419 1292 aflicitur
436 1255 502 1291 vero
528 1239 575 1308 qui
597 1237 745 1306 publicam.
792 1233 907 1289 Poterat
924 1243 1016 1290 autem
1034 1240 1062 1289 in
1079 1255 1142 1290 eum
1160 1241 1207 1307 qui
1224 1239 1310 1290 insul·
1330 1271 1337 1285 .

274 1313 406 1360 caverat
431 1317 480 1360 aut
508 1309 619 1374 privata
644 1311 693 1358 aut
718 1305 829 1373 publica
856 1307 967 1358 actione
993 1307 1050 1376 agi.
1096 1307 1156 1361 Vid.
1183 1313 1239 1358 not.
1266 1304 1311 1368 86,

295 1378 393 1429 Meier.
416 1383 445 1430 et
468 1373 596 1428 Soboem.
620 1391 645 1442 p.
657 1369 724 1428 ‚toti
772 1375 816 1428 De
839 1380 900 1428 tota
926 1374 979 1434 hac
1009 1377 1071 1444 lege
1102 1392 1129 1431 v.
1154 1377 1253 1430 Meier.
1281 1379 1311 1428 et

296 1444 424 1509 Schoem.
447 1459 473 1513 p.
492 1441 542 1494 321
566 1444 639 1512 sqq]

364 1551 399 1606 ts
435 1555 594 1606 Haeserunt
610 1554 775 1621 interpretes
803 1553 832 1604 in
854 1551 907 1605 hae
923 1553 1044 1606 lectione
1062 1551 1218 1619 subjectum
1238 1551 1310 1604 desi-

295 1623 444 1686 derantes,
470 1622 600 1690 quomam
627 1621 662 1672 ad
688 1621 858 1688 praecedens
882 1623 947 1674 illud
973 1621 1034 1685 'rim
1067 1639 1121 1691 quo
1147 1624 1312 1687 designatur

297 1691 397 1758 aliquis
422 1689 478 1742 τῶν
494 1683 684 1760 γραφομένων,
706 1689 807 1743 referri
825 1705 890 1744 saue
911 1703 966 1743 non
984 1698 1100 1758 possunt
1120 1691 1188 1744 haec
1209 1691 1310 1740 ultima

297 1761 392 1812 rerba.
438 1759 492 1820 Qui
512 1757 537 1810 si
560 1758 713 1826 subJ'ectum
734 1759 867 1826 petebant
889 1759 924 1810 ad
948 1761 1060 1812 verbum
1084 1759 1195 1831 τιμηθῇ,
1216 1759 1312 1811 doceri

296 1831 428 1896 poterant
455 1841 473 1876 a
490 1826 605 1878 Reiskio
626 1827 655 1876 in
679 1828 768 1890 notis,
789 1833 819 1878 et
835 1828 922 1880 multo
941 1829 1048 1896 plenius
1067 1830 1096 1880 in
1116 1829 1220 1890 indice,
1246 1827 1311 1878 sub·

243 1936 251 1948 ,
294 1899 399 1965 jectum
426 1896 532 1962 passivi
547 1893 704 1963 Λτιμηθῆναι
725 1903 773 1948 aut
799 1897 940 1962 objectum
961 1898 1039 1948 verbi
1058 1895 1170 1964 τιμῆσαι
1186 1895 1314 1959 essenis
1392 1951 1394 1954 ,

299 1965 385 2026 δίκην,
408 1979 463 2014 non
490 1978 568 2016 reum
592 1964 670 2030 cujus
692 1965 797 2017 mentio
826 1966 919 2016 dativo
948 1979 1014 2018 casu
1041 1965 1125 2032 adjici
1150 1966 1222 2018 solet
1245 1963 1311 2018 huic

297 2031 449 2098 formulae:
475 2031 531 2083 vid.
557 2031 633 2083 inira
656 2028 699 2082 le.
735 2029 978 2104 ,Σμίκρωνιδὲρα
1002 2031 1141 2086 ταλάντων
1159 2027 1310 2104 ἐτιμήσατε.

298 2098 433 2166 Subieeto
458 2105 550 2152 autem
575 2101 610 2174 ad
638 2099 766 2152 δεδέσθω
794 2109 828 2155 et·
844 2117 916 2170 quae¹
939 2110 1093 2184 sequuntur)
1117 2117 1249 2170 expresso
1268 2101 1308 2152 la-

298 2171 350 2224 oile
372 2185 467 2222 carere
491 2185 576 2238 posse
601 2185 693 2221 sermo
713 2169 829 2222 videtur.
870 2171 965 2224 Et'sic
988 2173 1016 2224 in
1036 2171 1089 2224 hac
1108 2171 1227 2224 lectione
1244 2170 1308 2238 sire

264 2247 267 2256 “
296 2239 506 2306 interpretanda
536 2239 596 2291 siue
626 2238 715 2290 lenem
738 2229 970 2294 ”emendationem
998 2241 1183 2308 vproponendo
1217 2239 1310 2306 acqui-

297 2312 413 2360 everunt
434 2309 570 2368 editores,
595 2308 769 2375 negligentes
795 2307 877 2359 aliam
896 2308 951 2360 loci
973 2311 1208 2371 constitutionem,
1225 2321 1308 2374 quam

297 2376 449 2428 Lanibinus
474 2372 600 2443 protulit,
626 2391 733 2462 quapue
760 2375 804 2432 lex
832 2377 970 2430 clauditur
1004 2377 1048 2430 his
1080 2378 1184 2429 verbis:
1212 2402 1246 2412 -
1270 2373 1310 2446 τῷ

298 2445 431 2514 δημοσίῳ.
450 2443 466 2496 ὃ
485 2439 517 2494 δ’
538 2442 655 2515 ὑβρίσας·
663 2435 714 2496 etr'
731 2444 768 2506 eir
783 2441 924 2514 ἐλεύθερον
941 2439 990 2499 εἴτ’
1010 2448 1046 2502 εἰς
1063 2436 1238 2510 dedicaria
1256 2443 1308 2512 μὲν
1370 2493 1373 2498 .

296 2508 417 2564 θανάτου
434 2530 461 2564 τι
484 2509 539 2580 pipi
556 2505 713 2582 αὕδῆμορον
730 2509 867 2576 rebraret,
884 2513 937 2567 Ιἐὰν
957 2506 988 2566 d'
1009 2507 1153 2586 ἀργυρίου,
1178 2507 1307 2564 δεδέσθω

195 2585 201 2598 ’
295 2578 391 2659 μέχρις
407 2577 442 2632 ἄν
470 2583 553 2650 κτίσῃ,
577 2581 772 2648 Ηοιιοίὲορυο
788 2585 951 2649 scripturam
970 2589 1099 2651 tauquam
1120 2597 1225 2634 meram
1243 2597 1307 2632 con-

296 2657 435 2714 jecturam
459 2649 590 2701 Lambini
615 2657 782 2716 spreverunt
812 2652 915 2706 critici:
941 2649 983 2704 cui
1010 2659 1104 2704 tamen
1122 2666 1217 2702 eorum
1233 2650 1307 2715 judi·

297 2720 340 2769 cio
369 2734 423 2785 ego
451 2717 624 2770 subscribere
651 2733 705 2770 non
734 2735 855 2786 possum.
889 2721 1025 2774 Nimirum
1051 2719 1203 2772 Lambinus
1222 2719 1250 2772 iu
1275 2719 1306 2784 li7

295 2785 399 2838 bollum
429 2801 509 2838 suum
537 2786 779 2852 *emerrdationum,
807 2788 841 2839 de
866 2805 920 2856 quo
953 2791 983 2841 in
1007 2788 1217 2858 prolegomenis
1240 2785 1307 2851 dixi,

297 2853 367 2906 haec
394 2869 502 2922 quoque
530 2860 658 2922 tanquam
681 2853 762 2922 hujus
788 2857 859 2924 legis
881 2857 979 2909 ultima
1004 2875 1038 2910 ne
1062 2857 1177 2910 verbulo
1196 2855 1307 2924 quidem

296 2921 389 2975 addito
414 2921 519 2991 posuit.
558 2925 732 2992 Atqui-,tam
759 2925 872 2977 audacis
904 2923 1093 2992 coniecturae,
1121 2925 1209 2994 qualis
1236 2923 1306 2977 haec

295 2991 384 3054 l'oret,
407 3005 505 3044 ausam
529 2991 559 3042 in
582 2992 696 3063 vulgata
723 2995 862 3061 scriptura
891 2995 994 3048 nullam
1024 2995 1112 3063 poluit
1136 2993 1191 3045 sibi
1218 2993 1307 3043 videri

295 3059 443 3127 reperisse,
463 3075 526 3111 cum
543 3075 633 3129 neque
652 3061 788 3114 formulae
807 3061 855 3112 triv
868 3059 924 3133 μέν
943 3069 1006 3116 ante
1026 3063 1074 3115 ἐδν
1092 3062 1122 3114 δὲ
1139 3060 1307 3112 desiderium
1347 3061 1352 3067 “

247 3145 252 3153 ·
298 3127 427 3197 cuiquam
448 3129 525 3181 nasci
550 3130 647 3196 possit,
678 3137 708 3182 et
728 3129 854 3197 subjecto
879 3131 1029 3201 supplendo
1055 3131 1194 3182 faciliores
1221 3129 1305 3196 longe
1362 3132 1366 3134 ’

215 3237 216 3241 ,
295 3197 359 3248 riae
377 3202 499 3281 pateant.
525 3199 652 3250 Omnium
671 3198 784 3252 minime
805 3205 897 3252 autem
915 3201 1026 3252 illorum
1043 3191 1094 3252 εἴτ’
1112 3201 1149 3252 εἷς
1165 3193 1307 3265 ἐλεύθερον

296 3258 344 3316 εἴτ’
370 3281 407 3320 εις
432 3265 533 3318 δοῦλον
557 3265 764 3320 inserendorum
781 3284 897 3321 causam
917 3269 968 3322 tibi
993 3268 1120 3322 finxeris:
1141 3269 1305 3351 praesertim

288 3349 360 3400 ,eum
389 3333 439 3388 illa
470 3335 602 3402 vulgatae
633 3337 761 3388 lectionis
785 3339 872 3390 rerba
902 3335 951 3389 triv
975 3332 1114 3406 subrepo
1137 3335 1245 3406 οβρίσρ,
1274 3336 1303 3386 in

296 3401 413 3471 quorum
437 3406 641 3470 oppositionem
667 3404 716 3456 illa
739 3408 892 3474 praemissa
918 3405 1033 3466 dixeris,
1066 3406 1095 3456 in
1118 3404 1305 3456 Lambiniaba

296 3472 433 3540 scriptura
448 3487 504 3522 non
523 3480 709 3540 compareant.
736 3475 766 3524 ln
785 3473 918 3541 majorem
937 3480 1033 3534 ¹autem
1049 3471 1130 3524 fidem
1149 3473 1305 3540 comparari

211 3553 219 3567 ³
297 3540 381 3592 debet
402 3539 448 3592 lex
470 3540 569 3592 similis
594 3541 667 3609 apud
694 3541 820 3594 Aesohin.
848 3559 877 3604 c,
901 3539 1198 3608 Timarcb.p.3,1l.
1242 3543 1304 3594 Ηοο

297 3612 390 3660 tamen
410 3623 464 3659 non
485 3609 594 3672 tacebo,
618 3609 686 3660 mibi
704 3611 753 3662 illa
770 3613 841 3679 ipsa,
857 3611 940 3664 modo
959 3612 1045 3663 allata
1060 3610 1189 3662 lectionis
1207 3609 1303 3676 vulga-

203 3683 215 3698 *
296 3681 342 3728 tae
365 3677 460 3740 verba,
484 3670 534 3728 ltu
549 3671 585 3733 ἔλ.
601 3675 703 3750 ὑβρίσῃ,
727 3681 849 3748 genuina
874 3669 971 3743 videri,
993 3685 1051 3732 lum
1071 3679 1136 3747 quia
1156 3693 1236 3728 nemo
1258 3677 1300 3728 ia-

296 3745 349 3798 cilc
368 3745 476 3808 dixerit,
494 3745 566 3802 unde
593 3746 764 3813 irrepserint,
788 3754 845 3800 tum
864 3749 937 3818 quia,
963 3747 1099 3817 quamvis,
1121 3747 1209 3796 omnis
1226 3745 1301 3797 debi-

295 3819 340 3864 tor
355 3810 418 3878 jure
441 3815 563 3883 potuerit
588 3812 688 3879 conjici
712 3815 745 3890 im
760 3817 881 3871 vincula,
904 3823 1119 3870 consentaneum
1142 3820 1234 3865 tamen
1255 3813 1304 3876 sit,

291 3881 361 3932 illud
378 3882 406 3932 in
423 3881 512 3936 libero
536 3883 583 3951 qui
607 3899 717 3934 servum
742 3887 910 3946 contumelia
928 3884 1062 3946 affecerit,
1082 3889 1213 3948 tanquam
1231 3881 1299 3934 invi-

292 3947 400 4002 diosum
418 3951 508 4012 nimis,
523 3968 578 4003 non
596 3951 747 4004 admissum
767 3953 864 4007 fuisse.
900 3952 955 4006 Sed
976 3953 1009 4004 de
1034 3952 1087 4004 hoc
1106 3951 1168 4002 aliis
1187 3951 1240 4003 erit
1258 3951 1299 4000 in-

225 4022 227 4026 ’
286 4019 463 4085 quirendum.
504 4019 563 4072 Nos
584 4017 638 4072 hoc
662 4019 751 4074 adbuc
782 4027 914 4092 tanquam
943 4021 1142 4073 Lambinianae
1172 4019 1300 4072 lectionis

231 4109 240 4126 a
290 4086 438 4156 vestigium
461 4088 573 4142 minime
597 4090 826 4142 contemnendum
851 4103 1049 4152 memoramus,
1080 4089 1154 4158 quod
1183 4089 1213 4140 in
1240 4087 1301 4138 cod.

290 4151 372 4212 Piris.
393 4171 409 4218 r
433 4156 678 4246 verbumlnpmdfi
705 4163 769 4228 post
803 4151 935 4234 ἀργύριον
951 4148 1056 4215 ‘serius
1086 4159 1221 4214 insertum
1247 4159 1301 4210 est.
