2860 4890
549 328 752 344 w

140 465 170 520 in
190 461 406 516 Demosthenem
424 478 455 518 se
472 463 632 527 insultasse,
648 477 704 530 nou
725 463 754 514 in
772 463 983 533 rempublicam
1000 468 1095 538 ltaque
1111 471 1156 526 vel

141 533 225 599 δίκην
242 531 318 584 ids'oeu
337 527 433 602 βλάβης
450 533 497 587 vel
510 534 619 616 ypepis
642 530 833 602 lds'wei'ppems
857 548 919 587 eum
942 535 1087 590 intendere
1107 555 1155 608 pes

97 627 102 634 ·
140 601 246 662 tuisse,
272 616 328 654 nco
352 601 460 654 licitum
486 602 511 654 ci
538 599 641 666 tuisse,
665 601 788 653 criminis
808 600 904 656 laesae
931 604 1103 672 reipublicae
1122 624 1154 661 se

141 684 282 724 accusare.
327 669 415 732 Quum
443 675 534 722 autem
561 669 633 725 haec
661 667 719 722 duo
740 683 846 737 genera
863 685 1023 726 causmrum
1041 691 1095 726 non
1114 675 1155 746 τῷ·

139 737 247 809 τίμημα
263 731 376 806 ,ἔπορον
391 743 455 791 οῐο.Δ
468 739 542 792 inter
567 755 597 791 se
618 735 748 799 differant
772 743 855 806 atque
875 736 944 796 adeo
964 748 1082 806 constet,
1098 742 1153 796 hoc

139 806 282 878 proprium
301 805 387 858 fuisse
404 808 575 876 quarundam
594 813 623 858 et
640 806 811 884 privatarum
831 813 863 862 et
877 807 1047 875 publicarum
1067 811 1154 866 actio·

139 891 216 939 num,
235 880 314 942 patet
339 875 425 927 rerba
443 873 489 926 καλ
504 875 608 946 τίμημα
627 876 739 942 lucrm
758 879 812 933 etc.
828 881 925 929 nostro
945 877 1007 931 loco
1027 895 1081 932 non
1105 881 1153 934 ad·

140 941 208 998 dere
226 941 350 1007 Midian,
377 949 408 996 ut
429 943 578 998 discrimen
603 943 697 1006 addat,
723 943 774 996 sed
792 948 824 995 ut
841 944 878 996 iis
896 947 1036 1015 significet
1049 947 1096 1012 vj„
1112 949 1156 1002 η’.
1254 951 1256 958 ·

138 1027 226 1083 μησεν
243 1004 344 1078 ταύτην
359 1011 387 1064 in
412 1014 522 1066 actione
547 1009 630 1078 hujus
650 1011 761 1080 generis
781 1011 895 1080 publica
911 1015 1000 1067 multo
1017 1016 1153 1084 periculo·

139 1081 244 1133 siorem
272 1095 335 1132 esse
366 1095 448 1148 quam
472 1082 501 1133 in
527 1081 634 1134 duabus
652 1079 764 1147 reliquis
782 1081 940 1135 actionibus
958 1091 988 1136 et
1004 1099 1086 1154 quarn
1102 1101 1152 1154 pro

139 1149 243 1202 delicto
267 1163 333 1213 ρους
359 1150 478 1218 populus
503 1149 580 1202 illius
602 1149 644 1202 rei
669 1163 772 1216 gnerus
800 1165 854 1202 non
880 1151 971 1217 potuit
997 1167 1052 1205 non
1081 1152 1177 1222 haec,

138 1222 217 1272 recte
236 1217 402 1284 intelligere.
1048 1257 1055 1279 .

210 1284 260 1338 Sin
279 1293 372 1338 autem
399 1301 464 1338 mox
488 1299 556 1353 prae
578 1300 609 1337 se
635 1283 691 1337 lert
712 1284 932 1351 Demosthenes,
955 1303 1036 1340 suum
1052 1304 1090 1342 se
1111 1289 1154 1342 lu·
1199 1309 1201 1322 ·

140 1369 219 1408 crum
236 1354 394 1422 neglexisse
406 1353 460 1408 hac
479 1368 580 1406 caussa
596 1353 730 1416 instituta,
747 1354 817 1408 nihil
835 1357 895 1408 vult
914 1357 969 1409 nisi
988 1364 1152 1422 monstrare,

139 1439 197 1476 non
216 1423 286 1476 lucri
302 1437 402 1486 caussa
420 1413 451 1474 st
469 1423 533 1474 lites
558 1422 667 1486 sectari,
686 1437 775 1492 neque
792 1424 879 1492 igitur
896 1439 1011 1478 necesse
1028 1430 1072 1478 est
1091 1443 1150 1478 ver·

138 1491 184 1573 bis
203 1488 247 1574 ini
267 1489 324 1550 uta
343 1491 425 1573 idios
439 1489 526 1574 dcxciv
539 1505 666 1542 caussam
684 1493 782 1572 βλάβης
795 1499 963 1572 ct'causscm
978 1491 1168 1574 ipsemecum,

92 1632 98 1636 ·
138 1560 618 1697 tilttttttiuiqltl‘ltli
632 1559 1062 1694 llll,tiiltltlriif
1078 1561 1151 1684 itti

138 1698 217 1750 illam
235 1697 345 1749 institui
363 1697 486 1766 potuisse
504 1697 589 1759 litem,
625 1694 679 1750 uod
696 1698 806 1765 quidem
824 1705 899 1752 recte
919 1716 950 1752 se
971 1698 1083 1762 hebeat,
1100 1701 1151 1753 sed

139 1769 365 1834 convincerem
383 1767 473 1833 ipsam
491 1780 550 1818 rem
567 1712 704 1833 pagiuam
722 1782 778 1820 non
792 1766 923 1833 laesisse;
942 1768 1040 1835 quibus
1059 1767 1149 1821 decla-

138 1834 212 1887 raiis
230 1835 428 1896 declaraverat,
454 1849 504 1885 cnr
521 1781 645 1902 praeter>
656 1849 785 1888 caussam
800 1831 852 1903 βλά
869 1851 897 1902 ης
916 1851 1004 1905 neque
1022 1851 1150 1890 caussam

137 1901 575 2039 titi‘cittlittulttlt
600 1902 693 2023 itit}
714 1905 1152 2034 “tutitltli‘tzlt‘it

137 2040 257 2104 habeut,
271 2039 342 2093 nihil
360 2046 403 2092 est
419 2039 447 2090 in
465 2038 518 2092 hoc
537 2039 599 2092 loco
616 2039 798 2108 conturbati]

102 2210 124 2277 s
211 2183 500 2329 ssux'euasu‘s
522 2225 670 2304 xum
684 2234 721 2322 s,
740 2187 792 2300 aa.
807 2235 840 2301 u.
864 2213 905 2284 -'-
924 2233 959 2322 s·
976 2201 1058 2324 ¹34l¹

110 2381 115 2394 ⁸
211 2391 387 2458 [Accusatius
413 2393 601 2446 examinemus
621 2390 693 2444 huuc
718 2385 855 2446 orationis
872 2393 973 2455 locum,
992 2410 1026 2448 ne
1044 2394 1091 2448 illo
1108 2385 1151 2450 r's-
1218 2460 1219 2464 ρ

137 2464 194 2515 bus
220 2464 320 2524 partim
339 2463 457 2515 moleste
483 2461 609 2529 repetitis
636 2461 736 2529 partim
754 2462 853 2515 alienis
868 2462 995 2516 laborare
1012 2464 1149 2517 videatur.

139 2531 328 2594 Quamobrem
341 2543 420 2600 iprae
445 2531 572 2582 omnibus
597 2527 755 2596 tenendum,
784 2548 839 2583 non
864 2531 893 2583 in
917 2531 981 2600 ipsa
1000 2533 1152 2586 Aristarchi

139 2604 245 2652 caussa
260 2601 367 2655 versari
389 2600 603 2666 enarrationem,
628 2613 683 2667 qua
701 2613 732 2669 re
745 2601 845 2666 'posita
859 2600 912 2652 sub
929 2602 1011 2652 linem
1027 2599 1151 2668 disputa-

139 2669 229 2720 tionis
245 2667 336 2720 verhis
349 2665 400 2720 κᾶν
418 2667 471 2740 μὲν
488 2659 552 2735 ἀφῶ
568 2667 663 2720 τοῦτον
681 2671 744 2729 etc,
764 2669 863 2736 quibus
883 2669 1050 2736 necopinato
1068 2671 1102 2722 ds
1120 2686 1150 2723 se

138 2739 302 2827 loqueretur
318 2736 429 2799 Orator,
447 2735 627 2790 ostendereris
644 2739 797 2803 oporteret.
837 2735 893 2789 Sed
911 2737 990 2789 locus
1003 2739 1151 2790 verborum
1209 2781 1216 2796 .

140 2807 176 2858 do
205 2801 254 2875 ἐμέ
269 2805 309 2872 (ξ.
325 2803 367 2858 32,
386 2803 426 2871 d.)
447 2812 513 2856 ante
531 2804 580 2860 nir
593 2799 671 2876 Ἅρλς.
686 2800 763 2857 ,ἔσοιο
780 2806 937 2872 p'ositorum
956 2803 1046 2869 docet,
1072 2809 1150 2860 iniis

139 2868 252 2926 versari
274 2889 409 2926 summam
431 2873 599 2944 argumenti.
646 2871 708 2923 Non
730 2877 870 2942 tamquam
894 2889 994 2926 novem
1012 2889 1070 2927 rem
1092 2877 1151 2928 liri·
1182 2931 1186 2940 ,

67 2941 249 3002 ,starchi
270 2943 475 2996 accusationem
494 2948 596 2998 narrat.
615 2941 664 2994 scd
684 2953 736 2992 sua
755 2939 854 2994 causs'a
872 2942 975 2994 iactam
993 2957 1055 2996 esse
1073 2943 1150 2996 illam

141 3012 263 3064 omnium
291 3027 338 3064 ore
362 3011 550 3063 circumlatam
576 3008 727 3061 Aristarchi
753 3012 957 3064 accusationem
978 3011 1038 3078 jam
1056 3028 1087 3066 se
1105 3013 1150 3066 de·

141 3085 361 3134 monstraturum
377 3095 437 3132 esse
456 3081 610 3146 profitetur.
631 3078 729 3146 ltaque
741 3077 851 3132 attende
872 3080 992 3132 animum
1010 3081 1046 3132 ad
1058 3082 1150 3150 dispu-

143 3150 221 3201 tandi
245 3148 398 3210 rationem,
427 3162 482 3215 qua
508 3154 536 3199 et
557 3153 632 3200 artes
653 3147 758 3198 Midiae
784 3149 897 3217 detegat
920 3149 1029 3211 Orator,
1053 3150 1151 3219 quibus

62 3217 66 3228 '
143 3233 211 3270 usus
227 3217 338 3280 sit,ille‚
363 3225 402 3279 ut,
427 3229 486 3268 cunr
512 3217 600 3284 ipsum
619 3231 681 3268 esse
702 3213 867 3268 homicidam
887 3218 1077 3271 demonstrare
1095 3234 1151 3271 non

141 3286 275 3354 potuerit,
292 3284 386 3337 saltim
404 3283 544 3352 particeps
558 3284 634 3338 neeis
646 3280 733 3342 luisse
753 3285 902 3352 rideretur,
921 3291 949 3338 et
962 3286 1150 3339 Aristarchum

143 3369 162 3406 a
183 3353 273 3406 Midia
301 3355 426 3422 quamvis
453 3355 572 3406 amicum
605 3353 706 3420 cupitis
737 3360 897 3418 accusatum
925 3354 1064 3407 insontem
1088 3371 1149 3408 esse

143 3422 283 3476 ostendat.
334 3422 397 3484 Qua
415 3437 445 3474 re
463 3427 492 3474 et
504 3419 605 3474 Midias
621 3421 740 3474 infamia
755 3427 870 3476 notatur
885 3429 914 3474 et
933 3419 1151 3476 Demosthenem

142 3493 236 3560 ipsum
255 3491 326 3542 falso
346 3497 505 3542 accusatum
530 3506 593 3543 esse
613 3491 742 3558 apparet,

166 3618 170 3626 Ι
212 3559 443 3612 Ratiocinatiouis
464 3559 551 3626 igitur
575 3561 652 3628 quasi
677 3557 802 3612 cardines
827 3559 892 3610 suut
913 3561 1069 3612 accusantis
1092 3559 1152 3612 ilri-

142 3625 285 3680 starchum
310 3628 415 3680 Midiae
439 3627 525 3678 rerba
551 3634 580 3680 et
611 3628 735 3695 ejusdem
765 3635 831 3694 post
855 3629 957 3680 iactam
984 3627 1169 3680 delationem'

142 3699 226 3758 ratio,
242 3711 298 3764 qua
321 3711 431 3750 movere
456 3697 564 3748 studeat
591 3695 786 3756 tuscanorum,
815 3703 846 3747 ut
863 3698 888 3748 is
905 3697 968 3764 ipse
986 3696 1151 3750 Demosthe-

143 3781 206 3819 nem
224 3766 279 3816 sibi
297 3766 466 3817 reconciliet.
498 3766 559 3818 llae
576 3765 663 3834 igitur
680 3779 734 3828 res,
754 3766 858 3831 partim
876 3766 948 3834 ipsis
967 3765 1151 3818 Midiae'ver·
1231 3810 1235 3818 .

142 3835 188 3886 bis
215 3833 409 3900 proferuntur,
434 3833 535 3901 partim
557 3839 682 3901 tempore
705 3833 871 3900 imperfecto
888 3833 982 3886 reieru
1003 3838 1056 3894 tur,
1073 3839 1105 3886 ut
1121 3835 1152 3890 in
1220 3853 1223 3860 ·

142 3904 179 3955 iis
196 3903 413 3969 contemplandis
431 3904 510 3970 quasi
528 3917 742 3968 commoremur;
764 3908 874 3955 ceterae
890 3917 956 3954 vero
1040 3902 1073 3954 de
1094 3904 1157 3972 qui.

143 3973 196 4024 hus
216 3971 349 4023 certiores
369 3968 438 4024 facti
455 3976 530 4025 recte
544 3985 744 4038 pomoseamus
760 3970 835 4033 illas,
852 3849 1153 4298 endicanthm-

145 4039 237 4101 modo,
266 4037 374 4092 dicendi
395 4039 493 4091 formis
523 4041 551 4092 in
577 4039 638 4091 loeo
667 4039 785 4092 secundo
810 4041 929 4107 positae.
975 4039 999 4092 lt
1036 4035 1156 4108 ue'pcst

144 4112 209 4178 ipsa
227 4106 332 4160 Midiae
357 4108 442 4158 uerba
465 4108 533 4160 dicit
553 4108 653 4160 Orator
671 4107 718 4159 καὶ
733 4101 812 4160 ταῦτ’
838 4109 928 4178 ἔλεγεν
947 4134 978 4144 -
995 4110 1023 4170 ἐξ
1083 4099 1158 4162 osus

144 4170 386 4246 -χρώμενος-
402 4171 596 4244 παρεσχηκότος
619 4177 785 4244 participiis,
811 4182 868 4229 tum
893 4173 921 4241 ἦ.
942 4174 985 4226 33.
1007 4193 1031 4230 ο.
1076 4177 1090 4194 ”
1108 4176 1160 4247 μὲν

76 4289 83 4296 .
145 4245 292 4317 προτεραίᾳ
309 4271 343 4282 -
369 4239 530 4307 εἰσεληλύθει
547 4271 579 4282 -
601 4241 729 4299 διείλεκτο
754 4243 1045 4315 plusquamperfecto,
1083 4261 1098 4298 e
1127 4243 1163 4298 dc
