2864 4896
82 418 264 503 aa*

107 527 166 584 σιν,
181 505 254 570 εἶναι
268 501 510 579 terrimotu&
529 501 602 569 ἀλλ’
618 502 700 588 ὅμως
721 505 753 569 σί
771 501 843 570 κατ’
867 505 978 572 ἐκεῖνον
989 505 1158 594 τδνχρό-ο,

21 606 93 663 562,
110 589 390 676 vov⁴⁵*''r‘rua'rtnot
407 584 554 676 πρδγσνοι
576 585 697 664 οὐδενὸς
717 588 835 655 τούτων
855 589 942 674 αὐτῷ
962 597 1128 679 συνεχάρη·
1218 607 1223 622 “
1315 590 1317 599 ’

110 696 170 738 σαν
182 675 216 712 ⁴⁶
240 673 367 760 ὑβρίζειν
381 673 509 748 αὑτούς·
534 669 612 739 ἀλλά
633 669 855 757 ποιήσαντεςΗ
880 673 1003 758 φυγάδα
1024 679 1128 764 ἐξέβα·

108 758 184 835 λον·
225 760 279 824 καί
305 759 557 843 Λακεδαιμονίων
581 759 679 826 ὄντων
706 763 835 844 ἰσχυρῶν
860 760 941 840 τότε,
967 761 1019 825 καί
1039 763 1128 826 Δεκέ-

111 843 258 908 λειανί8”
273 843 378 919 adroic
404 842 650 928 ἐπιτειχισθῆναι,
672 844 724 909 καί
752 845 807 914 τὰς
835 851 906 919 ναῦς
926 843 1049 928 ἁλῶναι,
1076 845 1129 911 καί

107 927 212 992 πάντα
237 927 402 1012 ὑπέμειναν,
431 928 534 994 ὁτιοῦν
551 933 673 1004 άιιοντες
686 1005 692 1018 x
703 939 815 994 παθεῖν
835 925 958 996 κάλλιον
975 927 1052 996 εἶναι
1071 955 1131 997 vo·

107 1013 252 1097 μίζσντες,
278 1015 297 1097 ἢ
324 1009 436 1088 ἑκόντες
465 1013 639 1100 ὑβρίζεσθαι
662 1017 861 1126 συγχωρῆσαι.
904 1019 1004 1080 καίτοι
1022 1020 1053 1080 τί
1069 1039 1121 1082 το·
1138 1029 1165 1085 d.
1251 1063 1293 1090 .,,

113 1097 186 1162 οὔτ
255 1099 362 1172 ἐκεῖνος
393 1099 525 1185 ὕβρισεν)
559 1097 663 1182 ἡλίκον
693 1123 784 1174 ουτος
814 1101 867 1178 νῦν
906 1096 1127 1183 ἒξελῆλεγιιται;

50 1247 52 1252 ,
144 1121 413 1285 αυῇνζῖπάταξε
429 1183 618 1287 χορηγοῦντα
637 1184 687 1247 ἐπὶ
707 1182 824 1271 ιιάρῤης.
844 1185 903 1258 ἐξω
925 1181 1130 1250 ταῦταάλλὰ

29 1337 60 1360 -.
106 1292 257 1378 χωρ.
275 1291 523 1440 γεβχορρμνυνῑα
550 1267 639 1333 τουτ’
664 1270 818 1351 ἐποίησεν,
849 1271 936 1333 οὔπω
961 1268 1046 1334 τόνδε
1075 1264 1129 1334 τὸν
1238 1298 1244 1302 ·
1253 1303 1292 1412 χχ
1362 1321 1397 1374 ,4

1230 1361 1243 1390 ⁴
1289 1367 1328 1406 ‘rt
1346 1366 1372 1405 ε’»,
1425 1389 1427 1394 -

1242 1413 1253 1455 ι

503 1353 511 1374 )

59 1411 63 1422 .
106 1361 307 1439 νομονιαπζαρα
328 1357 429 1428 αίναιν.
474 1377 512 1417 ου
540 1353 599 1438 γὰρ
619 1349 714 1418 έιιειτά
729 1363 787 1418 πον.
827 1351 918 1439 εἶρξεν
935 1349 1129 1439 Ἀγάθαρχον
1166 1345 1226 1413 70⁹

108 1436 166 1502 τὸν
188 1440 319 1524 γραφέα.
355 1439 407 1504 καί
434 1436 492 1523 γάρ
520 1436 618 1501 ταῦτα
640 1440 767 1516 λέγουσι.
807 1437 908 1524 λαβών
928 1440 968 1522 γέ
983 1462 1012 1502 τι
1030 1440 1129 1524 πλημ-
1273 1453 1279 1462 ’

106 1521 316 1608 μελοῦντα“,
333 1522 388 1597 Ι’ὥς
416 1546 515 1604 φασιν.
563 1521 728 1606 δπερούδ
752 1521 897 1599 ὀνειδίζειν
915 1524 1011 1598 άξισν.
1056 1522 1160 1598 sobre.

108 1606 206 1693 ἕρμάς
227 1609 430 1692 περιέκοπτεν.
455 1603 580 1690 ἅπαντα
595 1608 656 1690 μὲν,
680 1605 772 1691 οἶμαι,
790 1604 985 1693 τάσεβήματα
1004 1614 1057 1692 τῆς
1072 1609 1130 1677 αὐ-

105 1716 164 1770 της
186 1691 278 1778 ὀργῆς
299 1691 417 1757 δίκαιον
433 1691 551 1768 ἀξιοῦν·
569 1693 607 1755 tri
621 1692 655 1756 δ’
673 1692 752 1768 ὅλως
764 1692 925 1774 ἀφανίζειν
940 1695 1022 1780 ἱεράν
1035 1692 1130 1778 ἒσθῆ-
1166 1707 1178 1742 s

107 1777 298 1860 12⁵⁰,th
326 1776 383 1859 δ’,τι
409 1778 466 1842 τοῦ
487 1773 671 1864 περικόπτειν
690 1779 765 1849 τοὺς
789 1779 881 1866 ἕρμᾶς
902 1779 1037 1866 διαφέρει
1044 1805 1054 1860 3
1077 1779 1129 1844 οδ-

181 1989 232 2045 344
270 1985 378 2046 Ruhnh.
396 1995 425 2048 in
446 1995 518 2048 llist.
539 1995 634 2048 Orattr
648 1993 697 2047 Gr.
717 2011 743 2064 ρ.
762 1992 806 2050 39.
826 2011 861 2048 ex
878 1993 933 2048 hac
953 1995 1073 2050 formula
1093 1995 1129 2062 τίς

109 2079 199 2136 φασιν
215 2061 289 2115 ellici
310 2064 435 2131 putabat,
461 2067 580 2131 scriptas
609 2070 667 2116 tum
686 2065 818 2132 temporis
838 2081 893 2116 non
914 2066 1041 2119 extitisse
1067 2082 1129 2120 ora-

109 2133 202 2184 tiones
228 2131 388 2184 Alcibiadis.
434 2131 570 2201 Equidem
598 2132 691 2196 credo‚
718 2148 773 2185 nou
793 2135 934 2186 extitisse:
960 2137 1009 2187 sed
1024 2135 1074 2188 illo
1093 2134 1142 2204 τίς,

109 2217 200 2269 φασιν
218 2197 273 2252 hoc
291 2201 444 2270 significari
465 2217 519 2252 non
540 2201 631 2254 credo.
669 2199 711 2256 Ad
729 2202 830 2270 vulgus
849 2201 922 2254 enirn
939 2202 1061 2273 loquitur
1073 2202 1128 2256 De·

110 2267 284 2332 mosthenes,
313 2271 385 2338 quod
407 2261 502 2322 famae
532 2270 658 2331 conlidit,
681 2271 786 2338 scripta
811 2286 865 2322 non
884 2276 972 2326 curat.
992 2271 1048 2324 ,Et
1065 2271 1128 2326 vide

109 2339 271 2390 Merianum
288 2339 470 2406 Wolliumque'
487 2338 613 2405 inhujus
633 2339 717 2391 Proll.
735 2339 770 2390 ad
789 2340 872 2390 llom.
888 2355 912 2408 ρ.
925 2338 968 2395 77.
980 2347 1037 2393 not.
1055 2341 1130 2408 idem
1224 2401 1227 2410 Ι

111 2403 148 2526 hi
164 2406 249 2526 νρνυο
267 2407 339 2475 φασί,
362 2409 512 2471 docentes,
538 2406 612 2476 quod
635 2408 718 2460 modo
738 2406 773 2459 ad
790 2405 833 2461 39.
851 2408 877 2461 d.
897 2409 1077 2477 cognorimus
1095 2411 1130 2463 de

110 2491 120 2526 r
146 2491 161 2526 o
196 2491 294 2544 εγεται.

180 2565 215 2617 45
251 2567 360 2638 Abeunt
381 2567 467 2620 rerba
485 2565 533 2620 τδν
549 2563 653 2640 χρόνον
677 2567 712 2620 ab
739 2567 844 2634 optimo
870 2565 932 2618 Par.
953 2571 986 2630 Σ,
1005 2568 1041 2620 ab
1060 2572 1131 2639 Aug.

112 2643 144 2688 et
161 2634 223 2686 aliis
240 2637 419 2704 quibusdam3
438 2653 493 2704 quo
506 2645 588 2704 pacto
609 2637 644 2688 ad
667 2635 838 2688 Alcibiadem
856 2641 998 2704 spectaret
1016 2639 1129 2690 ἐκεῖνον.

112 2703 176 2772 Ego
196 2710 289 2758 tamen
310 2720 387 2757 mero
407 2703 436 2756 id
457 2706 670 2758 transcribentis
694 2704 843 2773 sphalmati
863 2704 956 2760 tribuo
974 2705 1130 2759 aberrantis

112 2773 150 2825 ab
166 2773 265 2826 ultima
290 2775 368 2826 vocis
392 2768 494 2826 ἐκεῖνον
513 2773 624 2843 syllaba
644 2773 679 2825 ad
702 2775 819 2826 eandem
839 2774 867 2825 in
884 2771 992 2845 χρόνον.
1030 2775 1130 2840 [Recte

112 2843 243 2978 οπεχρίρεμ
272 2841 326 2894 duo
352 2843 439 2894 verba
459 2841 526 2894 mihi
550 2843 659 2896 videtur
674 2842 797 2898 Belrher.
818 2841 857 2895 V.'
871 2842 972 2896 Bernh.
992 2849 1067 2912 synt.
1088 2859 1131 2912 gr.

111 2927 140 2980 p.
212 2947 219 2962 .

181 3001 217 3055 lt
258 3003 321 3056 vid.
339 3003 399 3056 lnd.
417 3006 576 3076 συγχωρεῖν.

182 3095 217 3149 47
253 3097 351 3149 Potest
369 3079 474 3165 duceri,
495 3097 561 3166 quid
578 3097 690 3179 intersit
709 3098 784 3149 inter
804 3089 920 3165 φυγάδα
933 3095 1022 3148 ποιεῖν
1042 3101 1071 3150 et
1089 3099 1131 3149 έκ-

111 3159 240 3235 βάλλιινί
272 3166 365 3228 Quare
381 3169 466 3219 lectio
483 3167 511 3217 in
530 3182 659 3235 margine
680 3167 749 3218 Bar.
774 3181 828 3216 non
847 3179 909 3216 esse
927 3163 996 3215 nihil
1013 3164 1130 3229 ridetur,

113 3241 180 3304 post
205 3228 363 3298 arridente
385 3237 520 3300 inserens¹
539 3235 638 3306 ἄτιμον
661 3235 696 3286 ad
721 3232 794 3302 quod
817 3232 983 3292 vocabulum
1009 3235 1132 3287 inciden-

115 3304 181 3355 dum
208 3304 377 3356 tunctoret.
418 3302 475 3354 Sed
499 3319 534 3356 ne
561 3303 614 3355 hoc
639 3301 759 3371 quidem,
780 3297 1062 3372 acclamabantur,
1081 3319 1132 3371 pro

105 3367 313 3443 ’άτιμώσαντες,
341 3373 410 3424 satis
437 3372 685 3426 Demosthenicum
711 3374 757 3423 sit.
807 3369 876 3423 Puto
897 3365 1054 3431 ποιήσαντες
1069 3383 1133 3438 pro*

113 3442 291 3494 scribendum
311 3455 381 3504 esse.
419 3439 473 3492 sP.
558 3443 589 3492 ln
607 3441 670 3491 aliis
690 3439 770 3490 varia
789 3438 876 3491 lectio
895 3439 1007 3505 appicta
1024 3445 1068 3492 est
1084 3443 1134 3502 ita,

110 3518 146 3564 u't
162 3514 212 3563 liat
234 3507 334 3591 ἄτχμον
361 3507 407 3561 καὶ
425 3503 565 3580 φυγάδα.’
594 3507 667 3562 Mihi
691 3505 863 3559 abundantia
880 3521 951 3574 quae
970 3513 1014 3560 est
1031 3509 1060 3560 in
1077 3509 1134 3560 vul·

30 3617 37 3624 -
113 3588 184 3652 gata
202 3581 315 3632 nonita
334 3579 454 3630 molesta
473 3585 525 3641 est,
553 3586 584 3632 ut
603 3578 751 3648 quicquam
769 3583 867 3628 contra
888 3575 1014 3643 audeant.

183 3671 218 3725 48
253 3671 285 3725 V.
307 3668 416 3724 Cornel.
435 3671 463 3722 in
483 3671 571 3724 Alcib.
588 3669 614 3722 4.
641 3669 731 3722 Thac.
753 3669 779 3730 7,
800 3667 841 3722 18.
860 3665 902 3720 19.
920 3665 963 3720 90.

184 3764 218 3816 49
250 3763 339 3828 Quale
355 3763 442 3817 luerit
461 3763 516 3816 hoc
532 3771 689 3833 peccatum,
714 3761 825 3830 subjicit
848 3761 913 3828 Ulp:
926 3753 1055 3827 ἐφωράθη
1072 3774 1136 3808 συν-

114 3828 157 3888 ών
178 3833 213 3906 τῇ
237 3833 388 3886 παλλακίδι
412 3831 461 3886 τοῦ
477 3827 650 3901 Ἀλκιβιάδου.
677 3859 711 3870 -
753 3832 782 3882 Ιπ
807 3829 956 3897 proximis,
981 3826 1046 3907 ὅπερ
1067 3839 1134 3878 σανα

116 3905 314 3975 eum·,Augero
340 3902 446 3955 referas
471 3903 506 3953 ad
533 3897 713 3972 πλημμέλημα
730 3891 907 3970 Ἀγαθάρχου,
933 3895 983 3948 sed
1007 3895 1135 3964 intellige

115 3975 206 4041 ipsius
228 3969 380 4024 Alcibiadis
406 3972 523 4024 facinus.
572 3973 635 4022 lloc
663 3971 753 4036 lenius
777 3983 840 4021 esse
866 3967 906 4021 ait
932 3963 1137 4021 Demosthenes
1170 3995 1172 3999 v

117 4055 201 4110 quam
241 4038 297 4090 uod
313 4042 507 4107 ,exprobretur
524 4041 557 4092 ei.
578 4067 612 4078 -—
647 4039 690 4092 De
710 4038 824 4108 siugulis
845 4035 922 4087 hisce
941 4031 1050 4114 delictis
1067 4033 1137 4085 Alci·

117 4109 239 4163 bladino
259 4107 387 4160 usulendi
408 4115 472 4162 sunt
489 4109 654 4172 Andocides,
673 4106 837 4160 Plutarchus
855 4111 884 4157 et
903 4103 1058 4158 Cornelrus.
1086 4100 1140 4156 81³.

189 4201 224 4253 50
260 4199 554 4270 Exemplumrcritioes
573 4201 607 4284 ab
626 4201 745 4269 Ulpiano
765 4215 819 4253 non
840 4197 913 4252 male
933 4197 1073 4250 exercitae
1095 4209 1142 4264 ap·
