2864 4896
464 1079 773 1149 axouaeusil

326 1191 336 1288 ,
385 1189 461 1282 De
505 1213 900 1331 qunyeiia.

172 1447 290 1496 uatluor
326 1446 355 1498 lo
393 1445 519 1512 antiquis
553 1443 739 1512 monumentis
769 1447 924 1496 memorata
955 1443 1130 1500 inveniuntur
1198 1441 1205 1450 '

112 1515 221 1568 Bacchi
242 1511 317 1565 festa
335 1510 449 1568 Athenis
474 1512 623 1576 celebrata,
650 1512 775 1574 Ruralia,
798 1511 918 1574 Urbana,
935 1525 1005 1580 quae
1024 1519 1054 1566 et
1070 1512 1130 1570 Ma-

114 1597 180 1653 gna,
200 1581 327 1644 Lenaea,
350 1579 538 1634 Anthesteria.
577 1581 631 1634 Sed
655 1597 718 1634 cum
739 1581 857 1648 junctim
883 1583 976 1632 omnia
993 1597 1129 1651 nusquam

114 1655 316 1712 memorentur,
337 1649 423 1702 immo
447 1651 475 1703 in
501 1651 607 1718 aliquot
632 1657 773 1704 auctorum
799 1647 868 1700 locis
890 1650 994 1701 diserte
1018 1653 1131 1713 nonnisi

115 1720 185 1784 tria3
204 1716 379 1775 factumest
406 1723 437 1770 ut
458 1719 513 1770 viri
532 1720 617 1782 docti,
640 1733 726 1788 usque
750 1716 783 1770 ad
804 1716 875 1770 haec
891 1716 1043 1770 novissima
1060 1727 1129 1772 tem-

115 1803 192 1858 pora,
217 1787 274 1839 tria
297 1793 405 1838 tantum
431 1785 534 1840 Bacchi
559 1787 633 1841 festa
655 1792 848 1856 agnoscerent,
867 1787 930 1838 dum
951 1788 1064 1840 leenaea
1083 1803 1129 1842 ea·
1222 1801 1225 1816 ¹

117 1859 180 1910 dem
198 1869 265 1908 esee
285 1861 411 1908 statuunt
435 1855 484 1908 alii
503 1873 563 1912 cum
583 1856 734 1910 lluralibus
752 1855 906 1924 Dionysiis,
919 1856 976 1908 alii
995 1871 1056 1909 oum
1077 1861 1130 1910 An·
1236 1873 1239 1877 ·

116 1923 272 1979 thesteriis,
315 1920 396 1986 Quod
423 1939 554 1992 magnum
582 1926 655 1978 inter
681 1941 730 1978 eos
757 1931 897 1978 certamen
922 1922 1083 1990 Boeelelee'us,
1103 1927 1131 1978 in

16 2015 17 2018 ¹
118 1993 363 2048 commentatione
380 1991 417 2046 de
436 1993 558 2047 Lenaeis
582 1994 625 2056 (in
649 1993 715 2048 All.
735 1994 760 2046 d.
777 1991 863 2045 Alcaei.
879 1993 904 2044 d.
930 1992 972 2045 W.
990 1993 1020 2045 in
1036 1992 1132 2047 Berlin

119 2061 234 2126 1817.),
269 2060 399 2114 dirimere
427 2063 540 2114 tandem
570 2069 686 2115 conatus
713 2067 756 2115 est
779 2061 837 2126 ita,
854 2067 900 2114 ⁴ut
926 2063 1035 2130 primus.
1057 2065 1132 2116 inter

117 2131 292 2186 recentiores
326 2127 465 2182 Lenaea
498 2137 629 2199 tanquam
666 2131 807 2201 peculiare
841 2125 943 2182 festum
967 2129 1132 2194 vindicaret,
1171 2155 1175 2166 r

120 2205 149 2253 et
180 2197 341 2252 Gamelioni
371 2199 459 2252 mensi
490 2199 656 2267 assignaret.
713 2200 775 2262 Quo
809 2206 891 2266 pacto
923 2205 1054 2268 quattuor
1082 2201 1133 2252 illa

120 2268 195 2322 festa
212 2269 240 2320 in
268 2273 400 2336 quattuor
425 2272 535 2320 menses
555 2269 702 2338 contiguos
724 2266 839 2319 cadunt:
874 2267 988 2320 ituralia
1006 2270 1034 2320 in
1055 2268 1132 2320 Posi·

121 2338 256 2400 monem,
285 2337 333 2406 qui
359 2336 472 2408 mensis*
493 2336 642 2393 solstitium
672 2336 819 2390 hibernum
846 2337 906 2388 lere
939 2337 1132 2399 antecedebat,

121 2406 237 2459 Lenaea
261 2403 290 2456 in
317 2403 528 2468 Gamelionem,
552 2405 729 2469 Anthesteria
749 2409 779 2458 in
800 2403 1057 2468 Anthestenionem,
1084 2407 1133 2458 Ur-

121 2474 197 2534 bana
218 2474 337 2541 denique
364 2475 392 2526 in
420 2474 685 2543 Elaphebolionem,
714 2475 769 2542 qui*
785 2471 992 2540 aequinoctium
1017 2489 1133 2528 vernum

123 2543 247 2614 attingit.
288 2538 373 2606 cujus
384 2544 434 2615 ,rei
449 2542 748 2612 argumenta·erudite
766 2544 859 2596 omnia
877 2547 907 2594 et
923 2542 1073 2609 ingeniose.
1086 2541 1134 2594 ad·

122 2611 213 2664 hibita
236 2607 281 2662 vel
306 2611 430 2674 inventa,
454 2628 491 2665 ex
514 2615 579 2680 ipsa
600 2611 834 2665 commentatione
882 2611 983 2662 alenda
998 2610 1063 2664 aunt
1079 2617 1135 2662 stu·

122 2681 222 2734 diesis:
264 2695 315 2730 nos
340 2677 394 2742 liic,
420 2695 454 2733 ne
480 2681 549 2734 solis
573 2679 644 2734 torte
674 2679 842 2748 conjecturis
861 2626 939 2731 quaec
965 2677 1066 2748 eliquia
1083 2678 1136 2730 oiti
1197 2708 1199 2714 s

123 2750 300 2817 suspicetur,
324 2749 485 2802 testimonia
509 2756 615 2802 tantum
640 2763 714 2868 quae
739 2748 846 2802 diserta
869 2747 994 2810 exstant,
1025 2762 1043 2798 a
1067 2747 1135 2799 viris

18 2849 20 2860 ν
124 2825 218 2872 autem
238 2815 338 2878 doctis,
361 2817 606 2885 qui'praejudiciis
628 2819 647 2870 il
660 2819 684 2870 ie
703 2817 889 2879 tenebantur,
902 2816 1007 2882 reiecta
1025 2822 1090 2868 sunt
1106 2819 1136 2868 et

125 2886 216 2950 elusa,
246 2885 339 2952 panni·
358 2883 409 2938 ‘hia
430 2901 623 2940 uiemoramus.
664 2886 789 2949 Quorum
808 2886 1029 2954 antiquissimum
1048 2891 1092 2937 cst
1107 2884 1134 2936 iu

124 2955 184 3024 ipso
208 2954 321 3008 nonnioe
342 2953 446 3006 mensis
472 2952 643 3017 Lenaeom's,
673 2969 755 3024 quem
782 2955 863 3006 lones
888 2955 916 3005 in
938 2953 1003 3005 lisia
1025 2968 1137 3022 semper

124 3025 167 3076 ita
189 3022 401 3089 nuncupabant3
433 3037 512 3090 quem
541 3023 715 3076 indubitatae
742 3023 807 3080 iidei
838 3023 1035 3090 inscriptiones
1063 3025 1137 3086 inter

126 3092 309 3146 Posideonem
329 3097 358 3143 et
378 3089 620 3146 Anthesteriooem
646 3092 749 3154 locam,
775 3099 858 3160 atque
880 3093 922 3142 ita
942 3091 1061 3144 eundem
1081 3089 1137 3143 Ga·

126 3160 239 3215 matiani
267 3159 388 3226 faciunt3
424 3162 527 3242 quique
555 3177 655 3214 nomen
688 3175 768 3214 auum
799 3160 953 3212 nonnisia
982 3159 1054 3213 festo
1083 3160 1136 3212 be·

127 3231 206 3284 naeis
232 3222 343 3282 trahere
365 3234 468 3303 potunt,
498 3231 570 3299 quod
597 3246 660 3282 cum
685 3230 802 3298 reliquis
823 3229 911 3282 sacris
943 3228 1001 3280 suis
1030 3235 1139 3294 tempos

127 3314 241 3367 rumque
267 3296 409 3352 festorum·
425 3297 534 3352 ratione
557 3301 638 3352 lones
660 3299 779 3358 Asianos
805 3312 823 3350 a
847 3297 999 3366 metropoli
1023 3295 1137 3350 Athenis

128 3369 284 3436 accepisse,
323 3369 383 3420 sine
413 3367 524 3421 disertis
553 3367 665 3420 indiciis
692 3381 772 3420 nemo
802 3381 907 3437 negare
932 3369 1034 3434 potest.
1083 3365 1138 3418 Sed

129 3437 203 3492 elane
222 3439 370 3506 praeterea
391 3451 449 3488 rem
476 3437 642 3506 eloquuntur
686 3435 843 3504 nammatici
863 3435 1025 3496 doctissimi,
1043 3449 1060 3485 e
1080 3433 1138 3518 qui·

128 3505 180 3559 bus
203 3505 318 3568 Proelia
349 3505 383 3558 ad
413 3506 566 3558 llesiodum
593 3523 614 3558 ε.
634 3503 669 3556 50
719 3504 774 3556 ita:
805 3530 838 3544 -·
860 3527 893 3542 -·
917 3501 957 3573 τῶ
978 3503 1148 3572 repetemus,

129 3567 201 3638 καθ’,
225 3571 259 3626 ὃν
276 3572 310 3626 πὶ
328 3570 433 3638 Λήναια
451 3566 515 3644 παρ’
535 3566 696 3638 Ἀθηναίοις.
725 3572 813 3628 Ἴωνες
832 3570 864 3624 de*
886 3571 984 3636 τοῦτον
998 3561 1072 3621 eid'
1094 3567 1141 3620 ai-

129 3643 192 3706 λως,
220 3634 289 3695 citici
312 3639 457 3705 Ληναιῶνα
487 3639 634 3704 καλοῦσιν(
675 3641 780 3694 Eadem
815 3641 897 3694 docet
925 3639 1022 3708 glossa
1044 3637 1142 3688 Lexioi

56 3704 58 3713 ’
130 3709 263 3764 rhetorici
282 3709 367 3763 haec:
394 3703 531 3774 Διονύσια,
553 3701 926 3782 ἕορτῆἈθὴνησι“Διονύσοϋ.
965 3705 1040 3776 ἤγετο
1058 3705 1090 3756 δὲ
1107 3703 1142 3757 τοὶ

129 3778 182 3848 μὲν
199 3771 261 3832 κατ’
291 3771 391 3852 ἀγροὺς
410 3778 496 3848 μηνὸς
512 3777 711 3840 Ποσειδεῶνος,
734 3777 770 3832 ati
791 3775 822 3829 de?
840 3773 948 3841 Λήναια
962 3771 1142 3846 Γαμηλιῶνος,
1240 3815 1243 3821 s

130 3846 165 3899 τοὶ
193 3847 224 3900 di
248 3849 280 3900 ἓν
302 3849 360 3908 sines
376 3839 616 3915 Ἐλαφηβολιῶνος·
657 3861 727 3914 quae
750 3846 846 3916 glossa
865 3844 939 3912 apud
958 3844 1032 3896 alios
1056 3844 1142 3916 etiam

132 3915 242 3984 legitur,
264 3918 307 3970 ita
333 3921 426 3968 tamen
454 3921 486 3968 ut
503 3930 554 3984 pro
577 3913 751 3986 Γαμηλιῶνος
770 3916 904 3982 scriptum
923 3913 960 3964 sit
977 3913 1150 3977 Aqvttiu'i‘vot'q
1176 3921 1179 3930 “

131 3983 309 4038 Anthesteria
326 3992 419 4038 autem
441 4001 491 4038 our
512 3999 567 4037 non
590 3984 788 4036 memoraverit
807 3982 888 4051 hujus
906 3981 1018 4047 qiossae
1034 3988 1143 4041 auctor,

134 4052 192 4118 ejus
207 4055 260 4114 ,rei
285 4052 358 4106 haec
385 4069 440 4106 uoa
467 4051 552 4106 mihi.
571 4051 711 4106 satisfacit
741 4067 843 4114 causa,
873 4064 957 4120 quam
985 4048 1144 4101 Boeolrliius
1216 4077 1219 4087 r

135 4121 220 4172 etiam
240 4115 346 4174 indicat
364 4138 391 4189 p.
410 4119 464 4184 60,
487 4121 560 4189 quod
585 4109 785 4190 grammaticus
808 4135 862 4171 non
889 4118 965 4182 testa
980 4115 1082 4172 Baeciii
1099 4114 1167 4168 liic*

134 4195 277 4242 enumerat
299 4189 350 4247 sed
371 4189 537 4244 vocabulum
563 4182 692 4245 Διονύσια
714 4187 850 4257 explicat:
880 4185 910 4264 id
932 4188 1072 4253 antemio
1089 4198 1146 4237 nau
1230 4253 1235 4256 -

928 4252 943 4320 1
996 4335 1004 4343 .
